@inproceedings{DBLP:conf/cvpr/PatelLP20,
  author    = {Chaitanya Patel and
               Zhouyingcheng Liao and
               Gerard Pons{-}Moll},
  title     = {TailorNet: Predicting Clothing in 3D as a Function of Human Pose,
               Shape and Garment Style},
  booktitle = {2020 {IEEE/CVF} Conference on Computer Vision and Pattern Recognition,
               {CVPR} 2020, Seattle, WA, USA, June 13-19, 2020},
  pages     = {7363--7373},
  publisher = {Computer Vision Foundation / {IEEE}},
  year      = {2020},
  url       = {https://doi.org/10.1109/CVPR42600.2020.00739},
  doi       = {10.1109/CVPR42600.2020.00739},
  timestamp = {Tue, 31 Aug 2021 14:00:04 +0200},
  biburl    = {https://dblp.org/rec/conf/cvpr/PatelLP20.bib},
  bibsource = {dblp computer science bibliography, https://dblp.org}
}

@inproceedings{DBLP:conf/eccv/TiwariBTP20,
  author    = {Garvita Tiwari and
               Bharat Lal Bhatnagar and
               Tony Tung and
               Gerard Pons{-}Moll},
  editor    = {Andrea Vedaldi and
               Horst Bischof and
               Thomas Brox and
               Jan{-}Michael Frahm},
  title     = {{SIZER:} {A} Dataset and Model for Parsing 3D Clothing and Learning
               Size Sensitive 3D Clothing},
  booktitle = {Computer Vision - {ECCV} 2020 - 16th European Conference, Glasgow,
               UK, August 23-28, 2020, Proceedings, Part {III}},
  series    = {Lecture Notes in Computer Science},
  volume    = {12348},
  pages     = {1--18},
  publisher = {Springer},
  year      = {2020},
  url       = {https://doi.org/10.1007/978-3-030-58580-8\_1},
  doi       = {10.1007/978-3-030-58580-8\_1},
  timestamp = {Thu, 03 Dec 2020 14:21:48 +0100},
  biburl    = {https://dblp.org/rec/conf/eccv/TiwariBTP20.bib},
  bibsource = {dblp computer science bibliography, https://dblp.org}
}

@inproceedings{DBLP:conf/eccv/ZhuCJCDWCH20,
  author    = {Heming Zhu and
               Yu Cao and
               Hang Jin and
               Weikai Chen and
               Dong Du and
               Zhangye Wang and
               Shuguang Cui and
               Xiaoguang Han},
  editor    = {Andrea Vedaldi and
               Horst Bischof and
               Thomas Brox and
               Jan{-}Michael Frahm},
  title     = {Deep Fashion3D: {A} Dataset and Benchmark for 3D Garment Reconstruction
               from Single Images},
  booktitle = {Computer Vision - {ECCV} 2020 - 16th European Conference, Glasgow,
               UK, August 23-28, 2020, Proceedings, Part {I}},
  series    = {Lecture Notes in Computer Science},
  volume    = {12346},
  pages     = {512--530},
  publisher = {Springer},
  year      = {2020},
  url       = {https://doi.org/10.1007/978-3-030-58452-8\_30},
  doi       = {10.1007/978-3-030-58452-8\_30},
  timestamp = {Wed, 30 Nov 2022 16:40:27 +0100},
  biburl    = {https://dblp.org/rec/conf/eccv/ZhuCJCDWCH20.bib},
  bibsource = {dblp computer science bibliography, https://dblp.org}
}

@inproceedings{DBLP:conf/cvpr/GeZWTL19,
  author    = {Yuying Ge and
               Ruimao Zhang and
               Xiaogang Wang and
               Xiaoou Tang and
               Ping Luo},
  title     = {DeepFashion2: {A} Versatile Benchmark for Detection, Pose Estimation,
               Segmentation and Re-Identification of Clothing Images},
  booktitle = {{IEEE} Conference on Computer Vision and Pattern Recognition, {CVPR}
               2019, Long Beach, CA, USA, June 16-20, 2019},
  pages     = {5337--5345},
  publisher = {Computer Vision Foundation / {IEEE}},
  year      = {2019},
  url       = {https://doi.org/10.1109/CVPR.2019.00548},
  doi       = {10.1109/CVPR.2019.00548},
  timestamp = {Mon, 30 Aug 2021 17:01:14 +0200},
  biburl    = {https://dblp.org/rec/conf/cvpr/GeZWTL19.bib},
  bibsource = {dblp computer science bibliography, https://dblp.org}
}

@inproceedings{DBLP:conf/iccv/BhatnagarTTP19,
  author    = {Bharat Lal Bhatnagar and
               Garvita Tiwari and
               Christian Theobalt and
               Gerard Pons{-}Moll},
  title     = {Multi-Garment Net: Learning to Dress 3D People From Images},
  booktitle = {2019 {IEEE/CVF} International Conference on Computer Vision, {ICCV}
               2019, Seoul, Korea (South), October 27 - November 2, 2019},
  pages     = {5419--5429},
  publisher = {{IEEE}},
  year      = {2019},
  url       = {https://doi.org/10.1109/ICCV.2019.00552},
  doi       = {10.1109/ICCV.2019.00552},
  timestamp = {Thu, 05 Mar 2020 13:43:22 +0100},
  biburl    = {https://dblp.org/rec/conf/iccv/BhatnagarTTP19.bib},
  bibsource = {dblp computer science bibliography, https://dblp.org}
}

@inproceedings{DBLP:conf/mm/ZhengYKP18,
  author    = {Shuai Zheng and
               Fan Yang and
               M. Hadi Kiapour and
               Robinson Piramuthu},
  editor    = {Susanne Boll and
               Kyoung Mu Lee and
               Jiebo Luo and
               Wenwu Zhu and
               Hyeran Byun and
               Chang Wen Chen and
               Rainer Lienhart and
               Tao Mei},
  title     = {ModaNet: {A} Large-scale Street Fashion Dataset with Polygon Annotations},
  booktitle = {2018 {ACM} Multimedia Conference on Multimedia Conference, {MM} 2018,
               Seoul, Republic of Korea, October 22-26, 2018},
  pages     = {1670--1678},
  publisher = {{ACM}},
  year      = {2018},
  url       = {https://doi.org/10.1145/3240508.3240652},
  doi       = {10.1145/3240508.3240652},
  timestamp = {Tue, 26 Jan 2021 13:39:42 +0100},
  biburl    = {https://dblp.org/rec/conf/mm/ZhengYKP18.bib},
  bibsource = {dblp computer science bibliography, https://dblp.org}
}

@article{DBLP:journals/corr/abs-1708-07747,
  author     = {Han Xiao and
                Kashif Rasul and
                Roland Vollgraf},
  title      = {Fashion-MNIST: a Novel Image Dataset for Benchmarking Machine Learning
                Algorithms},
  journal    = {CoRR},
  volume     = {abs/1708.07747},
  year       = {2017},
  url        = {http://arxiv.org/abs/1708.07747},
  eprinttype = {arXiv},
  eprint     = {1708.07747},
  timestamp  = {Mon, 13 Aug 2018 16:47:27 +0200},
  biburl     = {https://dblp.org/rec/journals/corr/abs-1708-07747.bib},
  bibsource  = {dblp computer science bibliography, https://dblp.org}
}

@inproceedings{DBLP:conf/iccv/YamaguchiKB13,
  author    = {Kota Yamaguchi and
               M. Hadi Kiapour and
               Tamara L. Berg},
  title     = {Paper Doll Parsing: Retrieving Similar Styles to Parse Clothing Items},
  booktitle = {{IEEE} International Conference on Computer Vision, {ICCV} 2013, Sydney,
               Australia, December 1-8, 2013},
  pages     = {3519--3526},
  publisher = {{IEEE} Computer Society},
  year      = {2013},
  url       = {https://doi.org/10.1109/ICCV.2013.437},
  doi       = {10.1109/ICCV.2013.437},
  timestamp = {Thu, 23 Mar 2023 23:57:42 +0100},
  biburl    = {https://dblp.org/rec/conf/iccv/YamaguchiKB13.bib},
  bibsource = {dblp computer science bibliography, https://dblp.org}
}