@article{stocker2021new,
  title     = {New insights in online fashion retail returns from a customersâ€™ perspective and their dynamics},
  author    = {St{\"o}cker, Bj{\"o}rn and Baier, Daniel and Brand, Benedikt M},
  journal   = {Journal of Business Economics},
  volume    = {91},
  number    = {8},
  pages     = {1149--1187},
  year      = {2021},
  publisher = {Springer}
}

@article{DBLP:journals/csur/ChengSCHL21,
  author    = {Wen{-}Huang Cheng and
               Sijie Song and
               Chieh{-}Yun Chen and
               Shintami Chusnul Hidayati and
               Jiaying Liu},
  title     = {Fashion Meets Computer Vision: {A} Survey},
  journal   = {{ACM} Comput. Surv.},
  volume    = {54},
  number    = {4},
  pages     = {72:1--72:41},
  year      = {2022},
  url       = {https://doi.org/10.1145/3447239},
  doi       = {10.1145/3447239},
  timestamp = {Wed, 23 Nov 2022 16:16:44 +0100},
  biburl    = {https://dblp.org/rec/journals/csur/ChengSCHL21.bib},
  bibsource = {dblp computer science bibliography, https://dblp.org}
}

@article{Jain_Wah_2022,
  place   = {Houston, USA},
  title   = {Computer Vision in Fashion Trend Analysis and Applications},
  volume  = {11},
  url     = {https://www.jsr.org/hs/index.php/path/article/view/2464},
  doi     = {10.47611/jsrhs.v11i1.2464},
  number  = {1},
  journal = {Journal of Student Research},
  author  = {Jain, Varnika and Wah, Catherine},
  year    = {2022},
  month   = {Feb.}
}

@article{DBLP:journals/corr/abs-2202-02757,
  author     = {Yashar Deldjoo and
                Fatemeh Nazary and
                Arnau Ramisa and
                Julian J. McAuley and
                Giovanni Pellegrini and
                Alejandro Bellog{\'{\i}}n and
                Tommaso Di Noia},
  title      = {A Review of Modern Fashion Recommender Systems},
  journal    = {CoRR},
  volume     = {abs/2202.02757},
  year       = {2022},
  url        = {https://arxiv.org/abs/2202.02757},
  eprinttype = {arXiv},
  eprint     = {2202.02757},
  timestamp  = {Wed, 09 Feb 2022 15:43:35 +0100},
  biburl     = {https://dblp.org/rec/journals/corr/abs-2202-02757.bib},
  bibsource  = {dblp computer science bibliography, https://dblp.org}
}

@article{DBLP:journals/sncs/ShirkhaniMSH23,
  author    = {Shaghayegh Shirkhani and
               Hamam Mokayed and
               Rajkumar Saini and
               Yan Chai Hum},
  title     = {Study of AI-Driven Fashion Recommender Systems},
  journal   = {{SN} Comput. Sci.},
  volume    = {4},
  number    = {5},
  pages     = {514},
  year      = {2023},
  url       = {https://doi.org/10.1007/s42979-023-01932-9},
  doi       = {10.1007/s42979-023-01932-9},
  timestamp = {Fri, 15 Sep 2023 07:04:55 +0200},
  biburl    = {https://dblp.org/rec/journals/sncs/ShirkhaniMSH23.bib},
  bibsource = {dblp computer science bibliography, https://dblp.org}
}

@article{DBLP:journals/corr/abs-2111-00905,
  author     = {Seyed Omid Mohammadi and
                Ahmad Kalhor},
  title      = {Smart Fashion: {A} Review of {AI} Applications in the Fashion {\&}
                Apparel Industry},
  journal    = {CoRR},
  volume     = {abs/2111.00905},
  year       = {2021},
  url        = {https://arxiv.org/abs/2111.00905},
  eprinttype = {arXiv},
  eprint     = {2111.00905},
  timestamp  = {Sun, 02 Oct 2022 15:32:28 +0200},
  biburl     = {https://dblp.org/rec/journals/corr/abs-2111-00905.bib},
  bibsource  = {dblp computer science bibliography, https://dblp.org}
}

@article{DBLP:journals/mta/GhodhbaniNRA22,
  author    = {Hajer Ghodhbani and
               Mohamed Neji and
               Imran Razzak and
               Adel M. Alimi},
  title     = {You can try without visiting: a comprehensive survey on virtually
               try-on outfits},
  journal   = {Multim. Tools Appl.},
  volume    = {81},
  number    = {14},
  pages     = {19967--19998},
  year      = {2022},
  url       = {https://doi.org/10.1007/s11042-022-12802-6},
  doi       = {10.1007/s11042-022-12802-6},
  timestamp = {Wed, 07 Dec 2022 23:02:26 +0100},
  biburl    = {https://dblp.org/rec/journals/mta/GhodhbaniNRA22.bib},
  bibsource = {dblp computer science bibliography, https://dblp.org}
}

@article{DBLP:journals/cvm/LiangL21,
  author    = {Junbang Liang and
               Ming C. Lin},
  title     = {Machine learning for digital try-on: Challenges and progress},
  journal   = {Comput. Vis. Media},
  volume    = {7},
  number    = {2},
  pages     = {159--167},
  year      = {2021},
  url       = {https://doi.org/10.1007/s41095-020-0189-1},
  doi       = {10.1007/s41095-020-0189-1},
  timestamp = {Wed, 28 Apr 2021 17:11:52 +0200},
  biburl    = {https://dblp.org/rec/journals/cvm/LiangL21.bib},
  bibsource = {dblp computer science bibliography, https://dblp.org}
}

@article{menon2020impact,
  title   = {The Impact of Augmented Reality in Fashion Retail Stores in India: Opportunities and Challenges},
  author  = {Menon, Aathira and Bhagat, Shreya and Iqbal, D},
  journal = {IOSR Journal Of Business And Management (IOSR-JBM)},
  volume  = {22},
  number  = {7},
  pages   = {61--67},
  year    = {2020}
}

@article{jayamini2021use,
  title     = {The use of augmented reality to deliver enhanced user experiences in fashion industry},
  author    = {Jayamini, Chamodi and Sandamini, Asangika and Pannala, Thisara and Kumarasinghe, Prabhash and Perera, Dushani and Karunanayaka, Kasun},
  journal   = {Lecture Notes in Computer Science},
  volume    = {12936},
  year      = {2021},
  publisher = {Springer Verlag}
}

@article{DBLP:journals/corr/abs-2202-09450,
  author     = {Shervin Minaee and
                Xiaodan Liang and
                Shuicheng Yan},
  title      = {Modern Augmented Reality: Applications, Trends, and Future Directions},
  journal    = {CoRR},
  volume     = {abs/2202.09450},
  year       = {2022},
  url        = {https://arxiv.org/abs/2202.09450},
  eprinttype = {arXiv},
  eprint     = {2202.09450},
  timestamp  = {Tue, 01 Mar 2022 18:26:00 +0100},
  biburl     = {https://dblp.org/rec/journals/corr/abs-2202-09450.bib},
  bibsource  = {dblp computer science bibliography, https://dblp.org}
}

@article{huang2019enhancing,
  title     = {Enhancing online rapport experience via augmented reality},
  author    = {Huang, Tseng-Lung and Mathews, Shane and Chou, Cindy Yunhsin},
  journal   = {Journal of Services Marketing},
  volume    = {33},
  number    = {7},
  pages     = {851--865},
  year      = {2019},
  publisher = {Emerald Publishing Limited}
}

@article{mehta2020enhancement,
  title   = {Enhancement in shopping experience of clothes using augmented reality},
  author  = {Mehta, Jimit and Patel, Priyam and Katira, Hiral and Sahitya, Aarti},
  journal = {International Journal of Research in Engineering, Science and Management},
  volume  = {3},
  number  = {3},
  pages   = {2581--5792},
  year    = {2020}
}

@mastersthesis{zak2020augmented,
  title  = {Augmented Reality try-on adoption in the Online Clothing Industry: understanding key challenges and critical success Factors},
  author = {Zak, Marlene},
  year   = {2020},
  school = {University of Twente}
}

@article{caboni2019augmented,
  title     = {Augmented reality in retailing: a review of features, applications and value},
  author    = {Caboni, Federica and Hagberg, Johan},
  journal   = {International Journal of Retail \& Distribution Management},
  volume    = {47},
  number    = {11},
  pages     = {1125--1140},
  year      = {2019},
  publisher = {Emerald Publishing Limited}
}

@article{DBLP:journals/access/GiriJZB19,
  author    = {Chandadevi Giri and
               Sheenam Jain and
               Xianyi Zeng and
               Pascal Bruniaux},
  title     = {A Detailed Review of Artificial Intelligence Applied in the Fashion
               and Apparel Industry},
  journal   = {{IEEE} Access},
  volume    = {7},
  pages     = {95376--95396},
  year      = {2019},
  url       = {https://doi.org/10.1109/ACCESS.2019.2928979},
  doi       = {10.1109/ACCESS.2019.2928979},
  timestamp = {Tue, 21 Mar 2023 21:04:52 +0100},
  biburl    = {https://dblp.org/rec/journals/access/GiriJZB19.bib},
  bibsource = {dblp computer science bibliography, https://dblp.org}
}

@article{DBLP:journals/corr/abs-2105-03050,
  author     = {Xingxing Zou and
                Waikeung Wong},
  title      = {fAshIon after fashion: {A} Report of {AI} in Fashion},
  journal    = {CoRR},
  volume     = {abs/2105.03050},
  year       = {2021},
  url        = {https://arxiv.org/abs/2105.03050},
  eprinttype = {arXiv},
  eprint     = {2105.03050},
  timestamp  = {Fri, 14 May 2021 12:13:30 +0200},
  biburl     = {https://dblp.org/rec/journals/corr/abs-2105-03050.bib},
  bibsource  = {dblp computer science bibliography, https://dblp.org}
}

@article{DBLP:journals/access/GuoZLCCW23,
  author    = {Ziyue Guo and
               Zongyang Zhu and
               Yizhi Li and
               Shidong Cao and
               Hangyue Chen and
               Gaoang Wang},
  title     = {{AI} Assisted Fashion Design: {A} Review},
  journal   = {{IEEE} Access},
  volume    = {11},
  pages     = {88403--88415},
  year      = {2023},
  url       = {https://doi.org/10.1109/ACCESS.2023.3306235},
  doi       = {10.1109/ACCESS.2023.3306235},
  timestamp = {Thu, 14 Sep 2023 20:26:04 +0200},
  biburl    = {https://dblp.org/rec/journals/access/GuoZLCCW23.bib},
  bibsource = {dblp computer science bibliography, https://dblp.org}
}

@article{DBLP:journals/spm/ChenSC23,
  author    = {Hung{-}Jen Chen and
               Hong{-}Han Shuai and
               Wen{-}Huang Cheng},
  title     = {A Survey of Artificial Intelligence in Fashion},
  journal   = {{IEEE} Signal Process. Mag.},
  volume    = {40},
  number    = {3},
  pages     = {64--73},
  year      = {2023},
  url       = {https://doi.org/10.1109/MSP.2022.3233449},
  doi       = {10.1109/MSP.2022.3233449},
  timestamp = {Wed, 17 May 2023 21:57:30 +0200},
  biburl    = {https://dblp.org/rec/journals/spm/ChenSC23.bib},
  bibsource = {dblp computer science bibliography, https://dblp.org}
}

@article{sahni2021review,
  title   = {A Review of Used Cases of {AI} \& {IoT} in Fashion \& Technology},
  author  = {Sahni, Hansraj},
  journal = {Eduzone: International Peer Reviewed/Refereed Multidisciplinary Journal},
  volume  = {10},
  number  = {2},
  pages   = {84--88},
  year    = {2021}
}

@article{liang2020implementation,
  title     = {Implementation of artificial intelligence in fashion: Are consumers ready?},
  author    = {Liang, Yuli and Lee, Seung-Hee and Workman, Jane E},
  journal   = {Clothing and Textiles Research Journal},
  volume    = {38},
  number    = {1},
  pages     = {3--18},
  year      = {2020},
  publisher = {SAGE Publications Sage CA: Los Angeles, CA}
}

@article{sareen2022ai,
  title   = {The {AI} Couturiers: Redefining Fashion with Artificial Intelligence},
  author  = {Sareen, Sabrina},
  journal = {Scandinavian Journal of Information Systems},
  volume  = {34},
  number  = {2},
  pages   = {186--189},
  year    = {2022}
}

@article{10153335,
  author  = {Liu, Linlin and Zhang, Haijun and Zhou, Dongliang and Shi, Jianyang},
  journal = {IEEE Transactions on Consumer Electronics},
  title   = {Toward Fashion Intelligence in the Big Data Era: State-of-the-Art and Future Prospects},
  year    = {2023},
  volume  = {},
  number  = {},
  pages   = {1-1},
  doi     = {10.1109/TCE.2023.3285880}
}

@article{DBLP:journals/tmm/Yan0LZX0Y23,
  author    = {Han Yan and
               Haijun Zhang and
               Linlin Liu and
               Dongliang Zhou and
               Xiaofei Xu and
               Zhao Zhang and
               Shuicheng Yan},
  title     = {Toward Intelligent Design: An {AI}-Based Fashion Designer Using Generative
               Adversarial Networks Aided by Sketch and Rendering Generators},
  journal   = {{IEEE} Trans. Multim.},
  volume    = {25},
  pages     = {2323--2338},
  year      = {2023},
  url       = {https://doi.org/10.1109/TMM.2022.3146010},
  doi       = {10.1109/TMM.2022.3146010},
  timestamp = {Fri, 07 Jul 2023 23:32:15 +0200},
  biburl    = {https://dblp.org/rec/journals/tmm/Yan0LZX0Y23.bib},
  bibsource = {dblp computer science bibliography, https://dblp.org}
}