@misc{onnxONNXHome,
	author = {},
	title = {{O}{N}{N}{X} | {H}ome --- onnx.ai},
	howpublished = {\url{https://onnx.ai/}},
	year = {},
	note = {[Accessed 25-10-2023]},
}

@misc{onnxruntimeONNXRuntime,
	author = {},
	title = {{O}{N}{N}{X} {R}untime | {H}ome --- onnxruntime.ai},
	howpublished = {\url{https://onnxruntime.ai/}},
	year = {},
	note = {[Accessed 25-10-2023]},
}

@misc{onnxruntimeCompatibility,
	author = {},
	title = {{C}ompatibility --- onnxruntime.ai},
	howpublished = {\url{https://onnxruntime.ai/docs/reference/compatibility.html}},
	year = {},
	note = {[Accessed 25-10-2023]},
}