State of the art

@inproceedings{DBLP:conf/sigir/LiuWW17,
  author    = {Qiang Liu and
               Shu Wu and
               Liang Wang},
  editor    = {Noriko Kando and
               Tetsuya Sakai and
               Hideo Joho and
               Hang Li and
               Arjen P. de Vries and
               Ryen W. White},
  title     = {DeepStyle: Learning User Preferences for Visual Recommendation},
  booktitle = {Proceedings of the 40th International {ACM} {SIGIR} Conference on
               Research and Development in Information Retrieval, Shinjuku, Tokyo,
               Japan, August 7-11, 2017},
  pages     = {841--844},
  publisher = {{ACM}},
  year      = {2017},
  url       = {https://doi.org/10.1145/3077136.3080658},
  doi       = {10.1145/3077136.3080658},
  timestamp = {Tue, 06 Nov 2018 11:07:24 +0100},
  biburl    = {https://dblp.org/rec/conf/sigir/LiuWW17.bib},
  bibsource = {dblp computer science bibliography, https://dblp.org}
}

@inproceedings{DBLP:conf/icdm/KangFWM17,
  author    = {Wang{-}Cheng Kang and
               Chen Fang and
               Zhaowen Wang and
               Julian J. McAuley},
  editor    = {Vijay Raghavan and
               Srinivas Aluru and
               George Karypis and
               Lucio Miele and
               Xindong Wu},
  title     = {Visually-Aware Fashion Recommendation and Design with Generative Image
               Models},
  booktitle = {2017 {IEEE} International Conference on Data Mining, {ICDM} 2017,
               New Orleans, LA, USA, November 18-21, 2017},
  pages     = {207--216},
  publisher = {{IEEE} Computer Society},
  year      = {2017},
  url       = {https://doi.org/10.1109/ICDM.2017.30},
  doi       = {10.1109/ICDM.2017.30},
  timestamp = {Fri, 24 Mar 2023 00:01:04 +0100},
  biburl    = {https://dblp.org/rec/conf/icdm/KangFWM17.bib},
  bibsource = {dblp computer science bibliography, https://dblp.org}
}

@inproceedings{DBLP:conf/sigir/ChenZ0NLC17,
  author    = {Jingyuan Chen and
               Hanwang Zhang and
               Xiangnan He and
               Liqiang Nie and
               Wei Liu and
               Tat{-}Seng Chua},
  editor    = {Noriko Kando and
               Tetsuya Sakai and
               Hideo Joho and
               Hang Li and
               Arjen P. de Vries and
               Ryen W. White},
  title     = {Attentive Collaborative Filtering: Multimedia Recommendation with
               Item- and Component-Level Attention},
  booktitle = {Proceedings of the 40th International {ACM} {SIGIR} Conference on
               Research and Development in Information Retrieval, Shinjuku, Tokyo,
               Japan, August 7-11, 2017},
  pages     = {335--344},
  publisher = {{ACM}},
  year      = {2017},
  url       = {https://doi.org/10.1145/3077136.3080797},
  doi       = {10.1145/3077136.3080797},
  timestamp = {Sat, 09 Apr 2022 12:44:57 +0200},
  biburl    = {https://dblp.org/rec/conf/sigir/ChenZ0NLC17.bib},
  bibsource = {dblp computer science bibliography, https://dblp.org}
}

@inproceedings{DBLP:conf/aaai/HeM16,
  author    = {Ruining He and
               Julian J. McAuley},
  editor    = {Dale Schuurmans and
               Michael P. Wellman},
  title     = {{VBPR:} Visual Bayesian Personalized Ranking from Implicit Feedback},
  booktitle = {Proceedings of the Thirtieth {AAAI} Conference on Artificial Intelligence,
               February 12-17, 2016, Phoenix, Arizona, {USA}},
  pages     = {144--150},
  publisher = {{AAAI} Press},
  year      = {2016},
  url       = {https://doi.org/10.1609/aaai.v30i1.9973},
  doi       = {10.1609/aaai.v30i1.9973},
  timestamp = {Mon, 04 Sep 2023 16:50:24 +0200},
  biburl    = {https://dblp.org/rec/conf/aaai/HeM16.bib},
  bibsource = {dblp computer science bibliography, https://dblp.org}
}

Recent works

@article{10049142,
  author  = {Jing, Peiguang and Cui, Kai and Guan, Weili and Nie, Liqiang and Su, Yuting},
  journal = {IEEE Transactions on Multimedia},
  title   = {Category-aware Multimodal Attention Network for Fashion Compatibility Modeling},
  year    = {2023},
  volume  = {},
  number  = {},
  pages   = {1-12},
  doi     = {10.1109/TMM.2023.3246796}
}

@inproceedings{9857004,
  author    = {Sarkar, Rohan and Bodla, Navaneeth and Vasileva, Mariya and Lin, Yen-Liang and Beniwal, Anurag and Lu, Alan and Medioni, Gerard},
  booktitle = {2022 IEEE/CVF Conference on Computer Vision and Pattern Recognition Workshops (CVPRW)},
  title     = {OutfitTransformer: Outfit Representations for Fashion Recommendation},
  year      = {2022},
  volume    = {},
  number    = {},
  pages     = {2262-2266},
  doi       = {10.1109/CVPRW56347.2022.00249}
}

@article{DBLP:journals/eswa/BalimO23,
  author    = {Caner Balim and
               Kemal {\"{O}}zkan},
  title     = {Diagnosing fashion outfit compatibility with deep learning techniques},
  journal   = {Expert Syst. Appl.},
  volume    = {215},
  pages     = {119305},
  year      = {2023},
  url       = {https://doi.org/10.1016/j.eswa.2022.119305},
  doi       = {10.1016/j.eswa.2022.119305},
  timestamp = {Mon, 26 Jun 2023 20:51:14 +0200},
  biburl    = {https://dblp.org/rec/journals/eswa/BalimO23.bib},
  bibsource = {dblp computer science bibliography, https://dblp.org}
}

@article{DBLP:journals/eswa/MoZPW23,
  author    = {Dongmei Mo and
               Xingxing Zou and
               Kaicheng Pang and
               Wai Keung Wong},
  title     = {Towards private stylists via personalized compatibility learning},
  journal   = {Expert Syst. Appl.},
  volume    = {219},
  pages     = {119632},
  year      = {2023},
  url       = {https://doi.org/10.1016/j.eswa.2023.119632},
  doi       = {10.1016/j.eswa.2023.119632},
  timestamp = {Tue, 28 Mar 2023 19:51:15 +0200},
  biburl    = {https://dblp.org/rec/journals/eswa/MoZPW23.bib},
  bibsource = {dblp computer science bibliography, https://dblp.org}
}

@article{9893574,
  author  = {Zhou, Dongliang and Zhang, Haijun and Yang, Kai and Liu, Linlin and Yan, Han and Xu, Xiaofei and Zhang, Zhao and Yan, Shuicheng},
  journal = {IEEE Transactions on Neural Networks and Learning Systems},
  title   = {Learning to Synthesize Compatible Fashion Items Using Semantic Alignment and Collocation Classification: An Outfit Generation Framework},
  year    = {2022},
  volume  = {},
  number  = {},
  pages   = {1-15},
  doi     = {10.1109/TNNLS.2022.3202842}
}

@article{9775146,
  author  = {Dong, Xue and Song, Xuemeng and Zheng, Na and Wu, Jianlong and Dai, Hongjun and Nie, Liqiang},
  journal = {IEEE Transactions on Neural Networks and Learning Systems},
  title   = {TryonCM2: Try-on-Enhanced Fashion Compatibility Modeling Framework},
  year    = {2022},
  volume  = {},
  number  = {},
  pages   = {1-12},
  doi     = {10.1109/TNNLS.2022.3173295}
}

@inproceedings{DBLP:conf/iccvw/KimSMSSP21,
  author    = {Donghyun Kim and
               Kuniaki Saito and
               Samarth Mishra and
               Stan Sclaroff and
               Kate Saenko and
               Bryan A. Plummer},
  title     = {Self-supervised Visual Attribute Learning for Fashion Compatibility},
  booktitle = {{IEEE/CVF} International Conference on Computer Vision Workshops,
               {ICCVW} 2021, Montreal, BC, Canada, October 11-17, 2021},
  pages     = {1057--1066},
  publisher = {{IEEE}},
  year      = {2021},
  url       = {https://doi.org/10.1109/ICCVW54120.2021.00123},
  doi       = {10.1109/ICCVW54120.2021.00123},
  timestamp = {Fri, 03 Dec 2021 17:37:22 +0100},
  biburl    = {https://dblp.org/rec/conf/iccvw/KimSMSSP21.bib},
  bibsource = {dblp computer science bibliography, https://dblp.org}
}

@article{DBLP:journals/corr/abs-2005-06584,
  author     = {Maryam Moosaei and
                Yusan Lin and
                Hao Yang},
  title      = {Fashion Recommendation and Compatibility Prediction Using Relational
                Network},
  journal    = {CoRR},
  volume     = {abs/2005.06584},
  year       = {2020},
  url        = {https://arxiv.org/abs/2005.06584},
  eprinttype = {arXiv},
  eprint     = {2005.06584},
  timestamp  = {Fri, 22 May 2020 16:21:28 +0200},
  biburl     = {https://dblp.org/rec/journals/corr/abs-2005-06584.bib},
  bibsource  = {dblp computer science bibliography, https://dblp.org}
}

@inproceedings{DBLP:conf/sigir/DongWSDN20,
  author    = {Xue Dong and
               Jianlong Wu and
               Xuemeng Song and
               Hongjun Dai and
               Liqiang Nie},
  editor    = {Jimmy X. Huang and
               Yi Chang and
               Xueqi Cheng and
               Jaap Kamps and
               Vanessa Murdock and
               Ji{-}Rong Wen and
               Yiqun Liu},
  title     = {Fashion Compatibility Modeling through a Multi-modal Try-on-guided
               Scheme},
  booktitle = {Proceedings of the 43rd International {ACM} {SIGIR} conference on
               research and development in Information Retrieval, {SIGIR} 2020, Virtual
               Event, China, July 25-30, 2020},
  pages     = {771--780},
  publisher = {{ACM}},
  year      = {2020},
  url       = {https://doi.org/10.1145/3397271.3401047},
  doi       = {10.1145/3397271.3401047},
  timestamp = {Sun, 02 Oct 2022 16:15:14 +0200},
  biburl    = {https://dblp.org/rec/conf/sigir/DongWSDN20.bib},
  bibsource = {dblp computer science bibliography, https://dblp.org}
}

@inproceedings{9156535,
  author    = {Lin, Yen-Liang and Tran, Son and Davis, Larry S.},
  booktitle = {2020 IEEE/CVF Conference on Computer Vision and Pattern Recognition (CVPR)},
  title     = {Fashion Outfit Complementary Item Retrieval},
  year      = {2020},
  volume    = {},
  number    = {},
  pages     = {3308-3316},
  doi       = {10.1109/CVPR42600.2020.00337}
}

@inproceedings{DBLP:conf/sigir/LiW0CXC20,
  author    = {Xingchen Li and
               Xiang Wang and
               Xiangnan He and
               Long Chen and
               Jun Xiao and
               Tat{-}Seng Chua},
  editor    = {Jimmy X. Huang and
               Yi Chang and
               Xueqi Cheng and
               Jaap Kamps and
               Vanessa Murdock and
               Ji{-}Rong Wen and
               Yiqun Liu},
  title     = {Hierarchical Fashion Graph Network for Personalized Outfit Recommendation},
  booktitle = {Proceedings of the 43rd International {ACM} {SIGIR} conference on
               research and development in Information Retrieval, {SIGIR} 2020, Virtual
               Event, China, July 25-30, 2020},
  pages     = {159--168},
  publisher = {{ACM}},
  year      = {2020},
  url       = {https://doi.org/10.1145/3397271.3401080},
  doi       = {10.1145/3397271.3401080},
  timestamp = {Sun, 02 Oct 2022 16:15:14 +0200},
  biburl    = {https://dblp.org/rec/conf/sigir/LiW0CXC20.bib},
  bibsource = {dblp computer science bibliography, https://dblp.org}
}

@inproceedings{9156794,
  author    = {Hsiao, Wei-Lin and Grauman, Kristen},
  booktitle = {2020 IEEE/CVF Conference on Computer Vision and Pattern Recognition (CVPR)},
  title     = {ViBE: Dressing for Diverse Body Shapes},
  year      = {2020},
  volume    = {},
  number    = {},
  pages     = {11056-11066},
  doi       = {10.1109/CVPR42600.2020.01107}
}

@article{DBLP:journals/ijon/SunHWZP20,
  author    = {Guang{-}Lu Sun and
               Jun{-}Yan He and
               Xiao Wu and
               Bo Zhao and
               Qiang Peng},
  title     = {Learning fashion compatibility across categories with deep multimodal
               neural networks},
  journal   = {Neurocomputing},
  volume    = {395},
  pages     = {237--246},
  year      = {2020},
  url       = {https://doi.org/10.1016/j.neucom.2018.06.098},
  doi       = {10.1016/j.neucom.2018.06.098},
  timestamp = {Mon, 15 Jun 2020 16:52:58 +0200},
  biburl    = {https://dblp.org/rec/journals/ijon/SunHWZP20.bib},
  bibsource = {dblp computer science bibliography, https://dblp.org}
}

@inproceedings{DBLP:conf/www/YinL0019,
  author    = {Ruiping Yin and
               Kan Li and
               Jie Lu and
               Guangquan Zhang},
  editor    = {Ling Liu and
               Ryen W. White and
               Amin Mantrach and
               Fabrizio Silvestri and
               Julian J. McAuley and
               Ricardo Baeza{-}Yates and
               Leila Zia},
  title     = {Enhancing Fashion Recommendation with Visual Compatibility Relationship},
  booktitle = {The World Wide Web Conference, {WWW} 2019, San Francisco, CA, USA,
               May 13-17, 2019},
  pages     = {3434--3440},
  publisher = {{ACM}},
  year      = {2019},
  url       = {https://doi.org/10.1145/3308558.3313739},
  doi       = {10.1145/3308558.3313739},
  timestamp = {Wed, 22 Feb 2023 21:12:11 +0100},
  biburl    = {https://dblp.org/rec/conf/www/YinL0019.bib},
  bibsource = {dblp computer science bibliography, https://dblp.org}
}

@inproceedings{DBLP:conf/mm/SongHLCXN19,
  author    = {Xuemeng Song and
               Xianjing Han and
               Yunkai Li and
               Jingyuan Chen and
               Xin{-}Shun Xu and
               Liqiang Nie},
  editor    = {Laurent Amsaleg and
               Benoit Huet and
               Martha A. Larson and
               Guillaume Gravier and
               Hayley Hung and
               Chong{-}Wah Ngo and
               Wei Tsang Ooi},
  title     = {{GP-BPR:} Personalized Compatibility Modeling for Clothing Matching},
  booktitle = {Proceedings of the 27th {ACM} International Conference on Multimedia,
               {MM} 2019, Nice, France, October 21-25, 2019},
  pages     = {320--328},
  publisher = {{ACM}},
  year      = {2019},
  url       = {https://doi.org/10.1145/3343031.3350956},
  doi       = {10.1145/3343031.3350956},
  timestamp = {Fri, 06 Dec 2019 16:44:03 +0100},
  biburl    = {https://dblp.org/rec/conf/mm/SongHLCXN19.bib},
  bibsource = {dblp computer science bibliography, https://dblp.org}
}

@inproceedings{DBLP:conf/kdd/ChenHXGGSLPZZ19,
  author    = {Wen Chen and
               Pipei Huang and
               Jiaming Xu and
               Xin Guo and
               Cheng Guo and
               Fei Sun and
               Chao Li and
               Andreas Pfadler and
               Huan Zhao and
               Binqiang Zhao},
  editor    = {Ankur Teredesai and
               Vipin Kumar and
               Ying Li and
               R{\'{o}}mer Rosales and
               Evimaria Terzi and
               George Karypis},
  title     = {{POG:} Personalized Outfit Generation for Fashion Recommendation at
               Alibaba iFashion},
  booktitle = {Proceedings of the 25th {ACM} {SIGKDD} International Conference on
               Knowledge Discovery {\&} Data Mining, {KDD} 2019, Anchorage, AK,
               USA, August 4-8, 2019},
  pages     = {2662--2670},
  publisher = {{ACM}},
  year      = {2019},
  url       = {https://doi.org/10.1145/3292500.3330652},
  doi       = {10.1145/3292500.3330652},
  timestamp = {Tue, 16 Aug 2022 23:04:27 +0200},
  biburl    = {https://dblp.org/rec/conf/kdd/ChenHXGGSLPZZ19.bib},
  bibsource = {dblp computer science bibliography, https://dblp.org}
}

@inproceedings{8932738,
  author    = {A{\c{S}}IRO{\u{G}}LU, Batuhan and Atalay, Mehmet Ilkay and Balkaya, Alkan and T{\"U}Z{\"U}NKAN, Erden and Da{\u{g}}tekin, Mustafa and ENSAR{\.I}, Tolga},
  booktitle = {2019 3rd International Symposium on Multidisciplinary Studies and Innovative Technologies (ISMSIT)},
  title     = {Smart Clothing Recommendation System with Deep Learning},
  year      = {2019},
  volume    = {},
  number    = {},
  pages     = {1-4},
  doi       = {10.1109/ISMSIT.2019.8932738}
}

@inproceedings{DBLP:conf/aaai/YangMLWC19,
  author    = {Xun Yang and
               Yunshan Ma and
               Lizi Liao and
               Meng Wang and
               Tat{-}Seng Chua},
  title     = {TransNFCM: Translation-Based Neural Fashion Compatibility Modeling},
  booktitle = {The Thirty-Third {AAAI} Conference on Artificial Intelligence, {AAAI}
               2019, The Thirty-First Innovative Applications of Artificial Intelligence
               Conference, {IAAI} 2019, The Ninth {AAAI} Symposium on Educational
               Advances in Artificial Intelligence, {EAAI} 2019, Honolulu, Hawaii,
               USA, January 27 - February 1, 2019},
  pages     = {403--410},
  publisher = {{AAAI} Press},
  year      = {2019},
  url       = {https://doi.org/10.1609/aaai.v33i01.3301403},
  doi       = {10.1609/aaai.v33i01.3301403},
  timestamp = {Mon, 04 Sep 2023 12:29:24 +0200},
  biburl    = {https://dblp.org/rec/conf/aaai/YangMLWC19.bib},
  bibsource = {dblp computer science bibliography, https://dblp.org}
}

@inproceedings{DBLP:conf/mm/HidayatiHCHFC18,
  author    = {Shintami Chusnul Hidayati and
               Cheng{-}Chun Hsu and
               Yu{-}Ting Chang and
               Kai{-}Lung Hua and
               Jianlong Fu and
               Wen{-}Huang Cheng},
  editor    = {Susanne Boll and
               Kyoung Mu Lee and
               Jiebo Luo and
               Wenwu Zhu and
               Hyeran Byun and
               Chang Wen Chen and
               Rainer Lienhart and
               Tao Mei},
  title     = {What Dress Fits Me Best?: Fashion Recommendation on the Clothing Style
               for Personal Body Shape},
  booktitle = {2018 {ACM} Multimedia Conference on Multimedia Conference, {MM} 2018,
               Seoul, Republic of Korea, October 22-26, 2018},
  pages     = {438--446},
  publisher = {{ACM}},
  year      = {2018},
  url       = {https://doi.org/10.1145/3240508.3240546},
  doi       = {10.1145/3240508.3240546},
  timestamp = {Mon, 18 Nov 2019 15:08:26 +0100},
  biburl    = {https://dblp.org/rec/conf/mm/HidayatiHCHFC18.bib},
  bibsource = {dblp computer science bibliography, https://dblp.org}
}

@article{DBLP:journals/tmm/ZhangJGZZLT17,
  author    = {Xishan Zhang and
               Jia Jia and
               Ke Gao and
               Yongdong Zhang and
               Dongming Zhang and
               Jintao Li and
               Qi Tian},
  title     = {Trip Outfits Advisor: Location-Oriented Clothing Recommendation},
  journal   = {{IEEE} Trans. Multim.},
  volume    = {19},
  number    = {11},
  pages     = {2533--2544},
  year      = {2017},
  url       = {https://doi.org/10.1109/TMM.2017.2696825},
  doi       = {10.1109/TMM.2017.2696825},
  timestamp = {Fri, 30 Jul 2021 15:26:29 +0200},
  biburl    = {https://dblp.org/rec/journals/tmm/ZhangJGZZLT17.bib},
  bibsource = {dblp computer science bibliography, https://dblp.org}
}

@inproceedings{DBLP:conf/waim/ShaWZFZY16,
  author    = {Dandan Sha and
               Daling Wang and
               Xiangmin Zhou and
               Shi Feng and
               Yifei Zhang and
               Ge Yu},
  editor    = {Bin Cui and
               Nan Zhang and
               Jianliang Xu and
               Xiang Lian and
               Dexi Liu},
  title     = {An Approach for Clothing Recommendation Based on Multiple Image Attributes},
  booktitle = {Web-Age Information Management - 17th International Conference, {WAIM}
               2016, Nanchang, China, June 3-5, 2016, Proceedings, Part {I}},
  series    = {Lecture Notes in Computer Science},
  volume    = {9658},
  pages     = {272--285},
  publisher = {Springer},
  year      = {2016},
  url       = {https://doi.org/10.1007/978-3-319-39937-9\_21},
  doi       = {10.1007/978-3-319-39937-9\_21},
  timestamp = {Tue, 08 Aug 2023 13:41:23 +0200},
  biburl    = {https://dblp.org/rec/conf/waim/ShaWZFZY16.bib},
  bibsource = {dblp computer science bibliography, https://dblp.org}
}



@article{DBLP:journals/tomccap/YangSFWDN21,
  author    = {Xin Yang and
               Xuemeng Song and
               Fuli Feng and
               Haokun Wen and
               Ling{-}Yu Duan and
               Liqiang Nie},
  title     = {Attribute-wise Explainable Fashion Compatibility Modeling},
  journal   = {{ACM} Trans. Multim. Comput. Commun. Appl.},
  volume    = {17},
  number    = {1},
  pages     = {36:1--36:21},
  year      = {2021},
  url       = {https://doi.org/10.1145/3425636},
  doi       = {10.1145/3425636},
  timestamp = {Mon, 26 Apr 2021 17:54:43 +0200},
  biburl    = {https://dblp.org/rec/journals/tomccap/YangSFWDN21.bib},
  bibsource = {dblp computer science bibliography, https://dblp.org}
}

@article{DBLP:journals/www/LiCH21,
  author    = {Yang Li and
               Tong Chen and
               Zi Huang},
  title     = {Attribute-aware explainable complementary clothing recommendation},
  journal   = {World Wide Web},
  volume    = {24},
  number    = {5},
  pages     = {1885--1901},
  year      = {2021},
  url       = {https://doi.org/10.1007/s11280-021-00913-3},
  doi       = {10.1007/s11280-021-00913-3},
  timestamp = {Tue, 21 Mar 2023 21:14:21 +0100},
  biburl    = {https://dblp.org/rec/journals/www/LiCH21.bib},
  bibsource = {dblp computer science bibliography, https://dblp.org}
}

@inproceedings{9522737,
  author    = {Kaicheng, Pang and Xingxing, Zou and Wong, Wai Keung},
  booktitle = {2021 IEEE/CVF Conference on Computer Vision and Pattern Recognition Workshops (CVPRW)},
  title     = {Modeling Fashion Compatibility with Explanation by using Bidirectional LSTM},
  year      = {2021},
  volume    = {},
  number    = {},
  pages     = {3889-3893},
  doi       = {10.1109/CVPRW53098.2021.00432}
}

@article{DBLP:journals/tkde/LinRCRMR20,
  author    = {Yujie Lin and
               Pengjie Ren and
               Zhumin Chen and
               Zhaochun Ren and
               Jun Ma and
               Maarten de Rijke},
  title     = {Explainable Outfit Recommendation with Joint Outfit Matching and Comment
               Generation},
  journal   = {{IEEE} Trans. Knowl. Data Eng.},
  volume    = {32},
  number    = {8},
  pages     = {1502--1516},
  year      = {2020},
  url       = {https://doi.org/10.1109/TKDE.2019.2906190},
  doi       = {10.1109/TKDE.2019.2906190},
  timestamp = {Thu, 23 Jun 2022 20:04:49 +0200},
  biburl    = {https://dblp.org/rec/journals/tkde/LinRCRMR20.bib},
  bibsource = {dblp computer science bibliography, https://dblp.org}
}

@inproceedings{DBLP:conf/wacv/TangsengO20,
  author    = {Pongsate Tangseng and
               Takayuki Okatani},
  title     = {Toward Explainable Fashion Recommendation},
  booktitle = {{IEEE} Winter Conference on Applications of Computer Vision, {WACV}
               2020, Snowmass Village, CO, USA, March 1-5, 2020},
  pages     = {2142--2151},
  publisher = {{IEEE}},
  year      = {2020},
  url       = {https://doi.org/10.1109/WACV45572.2020.9093367},
  doi       = {10.1109/WACV45572.2020.9093367},
  timestamp = {Fri, 25 Dec 2020 01:15:02 +0100},
  biburl    = {https://dblp.org/rec/conf/wacv/TangsengO20.bib},
  bibsource = {dblp computer science bibliography, https://dblp.org}
}

@inproceedings{DBLP:conf/ijcai/HouWCLZL19,
  author    = {Min Hou and
               Le Wu and
               Enhong Chen and
               Zhi Li and
               Vincent W. Zheng and
               Qi Liu},
  editor    = {Sarit Kraus},
  title     = {Explainable Fashion Recommendation: {A} Semantic Attribute Region
               Guided Approach},
  booktitle = {Proceedings of the Twenty-Eighth International Joint Conference on
               Artificial Intelligence, {IJCAI} 2019, Macao, China, August 10-16,
               2019},
  pages     = {4681--4688},
  publisher = {ijcai.org},
  year      = {2019},
  url       = {https://doi.org/10.24963/ijcai.2019/650},
  doi       = {10.24963/ijcai.2019/650},
  timestamp = {Mon, 26 Aug 2019 12:44:10 +0200},
  biburl    = {https://dblp.org/rec/conf/ijcai/HouWCLZL19.bib},
  bibsource = {dblp computer science bibliography, https://dblp.org}
}

@inproceedings{DBLP:conf/sigir/ChenCXZ0QZ19,
  author    = {Xu Chen and
               Hanxiong Chen and
               Hongteng Xu and
               Yongfeng Zhang and
               Yixin Cao and
               Zheng Qin and
               Hongyuan Zha},
  editor    = {Benjamin Piwowarski and
               Max Chevalier and
               {\'{E}}ric Gaussier and
               Yoelle Maarek and
               Jian{-}Yun Nie and
               Falk Scholer},
  title     = {Personalized Fashion Recommendation with Visual Explanations based
               on Multimodal Attention Network: Towards Visually Explainable Recommendation},
  booktitle = {Proceedings of the 42nd International {ACM} {SIGIR} Conference on
               Research and Development in Information Retrieval, {SIGIR} 2019, Paris,
               France, July 21-25, 2019},
  pages     = {765--774},
  publisher = {{ACM}},
  year      = {2019},
  url       = {https://doi.org/10.1145/3331184.3331254},
  doi       = {10.1145/3331184.3331254},
  timestamp = {Wed, 27 Apr 2022 16:59:08 +0200},
  biburl    = {https://dblp.org/rec/conf/sigir/ChenCXZ0QZ19.bib},
  bibsource = {dblp computer science bibliography, https://dblp.org}
}