@IEEEtranBSTCTL{BSTSettings,
	CTLuse_forced_etal       = "yes",
	CTLmax_names_forced_etal = "6",
	CTLnames_show_etal       = "1",
	CTLdash_repeated_names   = "no"
}