2D

@article{DBLP:journals/corr/GoodfellowPMXWOCB14,
  author     = {Ian J. Goodfellow and
                Jean Pouget{-}Abadie and
                Mehdi Mirza and
                Bing Xu and
                David Warde{-}Farley and
                Sherjil Ozair and
                Aaron C. Courville and
                Yoshua Bengio},
  title      = {Generative Adversarial Networks},
  journal    = {CoRR},
  volume     = {abs/1406.2661},
  year       = {2014},
  url        = {http://arxiv.org/abs/1406.2661},
  eprinttype = {arXiv},
  eprint     = {1406.2661},
  timestamp  = {Mon, 13 Aug 2018 16:47:18 +0200},
  biburl     = {https://dblp.org/rec/journals/corr/GoodfellowPMXWOCB14.bib},
  bibsource  = {dblp computer science bibliography, https://dblp.org}
}

@article{DBLP:journals/corr/MirzaO14,
  author     = {Mehdi Mirza and
                Simon Osindero},
  title      = {Conditional Generative Adversarial Nets},
  journal    = {CoRR},
  volume     = {abs/1411.1784},
  year       = {2014},
  url        = {http://arxiv.org/abs/1411.1784},
  eprinttype = {arXiv},
  eprint     = {1411.1784},
  timestamp  = {Mon, 13 Aug 2018 16:48:15 +0200},
  biburl     = {https://dblp.org/rec/journals/corr/MirzaO14.bib},
  bibsource  = {dblp computer science bibliography, https://dblp.org}
}

@article{DBLP:journals/corr/abs-2304-02051,
  author     = {Alberto Baldrati and
                Davide Morelli and
                Giuseppe Cartella and
                Marcella Cornia and
                Marco Bertini and
                Rita Cucchiara},
  title      = {Multimodal Garment Designer: Human-Centric Latent Diffusion Models
                for Fashion Image Editing},
  journal    = {CoRR},
  volume     = {abs/2304.02051},
  year       = {2023},
  url        = {https://doi.org/10.48550/arXiv.2304.02051},
  doi        = {10.48550/arXiv.2304.02051},
  eprinttype = {arXiv},
  eprint     = {2304.02051},
  timestamp  = {Mon, 17 Apr 2023 15:20:10 +0200},
  biburl     = {https://dblp.org/rec/journals/corr/abs-2304-02051.bib},
  bibsource  = {dblp computer science bibliography, https://dblp.org}
}

@inproceedings{DBLP:conf/cvpr/XieHDZDZ0L23,
  author    = {Zhenyu Xie and
               Zaiyu Huang and
               Xin Dong and
               Fuwei Zhao and
               Haoye Dong and
               Xijin Zhang and
               Feida Zhu and
               Xiaodan Liang},
  title     = {{GP-VTON:} Towards General Purpose Virtual Try-On via Collaborative
               Local-Flow Global-Parsing Learning},
  booktitle = {{IEEE/CVF} Conference on Computer Vision and Pattern Recognition,
               {CVPR} 2023, Vancouver, BC, Canada, June 17-24, 2023},
  pages     = {23550--23559},
  publisher = {{IEEE}},
  year      = {2023},
  url       = {https://doi.org/10.1109/CVPR52729.2023.02255},
  doi       = {10.1109/CVPR52729.2023.02255},
  timestamp = {Tue, 29 Aug 2023 15:44:40 +0200},
  biburl    = {https://dblp.org/rec/conf/cvpr/XieHDZDZ0L23.bib},
  bibsource = {dblp computer science bibliography, https://dblp.org}
}

@inproceedings{DBLP:conf/cvpr/YanGZX23,
  author    = {Keyu Yan and
               Tingwei Gao and
               Hui Zhang and
               Chengjun Xie},
  title     = {Linking Garment with Person via Semantically Associated Landmarks
               for Virtual Try-On},
  booktitle = {{IEEE/CVF} Conference on Computer Vision and Pattern Recognition,
               {CVPR} 2023, Vancouver, BC, Canada, June 17-24, 2023},
  pages     = {17194--17204},
  publisher = {{IEEE}},
  year      = {2023},
  url       = {https://doi.org/10.1109/CVPR52729.2023.01649},
  doi       = {10.1109/CVPR52729.2023.01649},
  timestamp = {Tue, 29 Aug 2023 15:44:40 +0200},
  biburl    = {https://dblp.org/rec/conf/cvpr/YanGZX23.bib},
  bibsource = {dblp computer science bibliography, https://dblp.org}
}

@inproceedings{DBLP:conf/cvpr/ZhuYZRCS0K23,
  author    = {Luyang Zhu and
               Dawei Yang and
               Tyler Zhu and
               Fitsum Reda and
               William Chan and
               Chitwan Saharia and
               Mohammad Norouzi and
               Ira Kemelmacher{-}Shlizerman},
  title     = {TryOnDiffusion: {A} Tale of Two UNets},
  booktitle = {{IEEE/CVF} Conference on Computer Vision and Pattern Recognition,
               {CVPR} 2023, Vancouver, BC, Canada, June 17-24, 2023},
  pages     = {4606--4615},
  publisher = {{IEEE}},
  year      = {2023},
  url       = {https://doi.org/10.1109/CVPR52729.2023.00447},
  doi       = {10.1109/CVPR52729.2023.00447},
  timestamp = {Mon, 28 Aug 2023 16:14:40 +0200},
  biburl    = {https://dblp.org/rec/conf/cvpr/ZhuYZRCS0K23.bib},
  bibsource = {dblp computer science bibliography, https://dblp.org}
}

@inproceedings{DBLP:conf/cvpr/RombachBLEO22,
  author    = {Robin Rombach and
               Andreas Blattmann and
               Dominik Lorenz and
               Patrick Esser and
               Bj{\"{o}}rn Ommer},
  title     = {High-Resolution Image Synthesis with Latent Diffusion Models},
  booktitle = {{IEEE/CVF} Conference on Computer Vision and Pattern Recognition,
               {CVPR} 2022, New Orleans, LA, USA, June 18-24, 2022},
  pages     = {10674--10685},
  publisher = {{IEEE}},
  year      = {2022},
  url       = {https://doi.org/10.1109/CVPR52688.2022.01042},
  doi       = {10.1109/CVPR52688.2022.01042},
  timestamp = {Wed, 05 Oct 2022 16:31:19 +0200},
  biburl    = {https://dblp.org/rec/conf/cvpr/RombachBLEO22.bib},
  bibsource = {dblp computer science bibliography, https://dblp.org}
}

@inproceedings{DBLP:conf/nips/HuangLXKCL22,
  author    = {Zaiyu Huang and
               Hanhui Li and
               Zhenyu Xie and
               Michael Kampffmeyer and
               Qingling Cai and
               Xiaodan Liang},
  title     = {Towards Hard-pose Virtual Try-on via 3D-aware Global Correspondence Learning},
  booktitle = {Advances in Neural Information Processing Systems},
  volume    = {35},
  pages     = {32736--32748},
  year      = {2022},
  timestamp = {Thu, 11 May 2023 17:08:22 +0200},
  biburl    = {https://dblp.org/rec/conf/nips/HuangLXKCL22.bib},
  bibsource = {dblp computer science bibliography, https://dblp.org}
}

@inproceedings{DBLP:conf/wacv/FeleLPS22,
  author    = {Benjamin Fele and
               Ajda Lampe and
               Peter Peer and
               Vitomir Struc},
  title     = {{C-VTON:} Context-Driven Image-Based Virtual Try-On Network},
  booktitle = {{IEEE/CVF} Winter Conference on Applications of Computer Vision, {WACV}
               2022, Waikoloa, HI, USA, January 3-8, 2022},
  pages     = {2203--2212},
  publisher = {{IEEE}},
  year      = {2022},
  url       = {https://doi.org/10.1109/WACV51458.2022.00226},
  doi       = {10.1109/WACV51458.2022.00226},
  timestamp = {Sun, 02 Oct 2022 16:17:13 +0200},
  biburl    = {https://dblp.org/rec/conf/wacv/FeleLPS22.bib},
  bibsource = {dblp computer science bibliography, https://dblp.org}
}

@inproceedings{DBLP:conf/cvpr/MorelliFCLCC22,
  author    = {Davide Morelli and
               Matteo Fincato and
               Marcella Cornia and
               Federico Landi and
               Fabio Cesari and
               Rita Cucchiara},
  title     = {Dress Code: High-Resolution Multi-Category Virtual Try-On},
  booktitle = {{IEEE/CVF} Conference on Computer Vision and Pattern Recognition Workshops,
               {CVPR} Workshops 2022, New Orleans, LA, USA, June 19-20, 2022},
  pages     = {2230--2234},
  publisher = {{IEEE}},
  year      = {2022},
  url       = {https://doi.org/10.1109/CVPRW56347.2022.00243},
  doi       = {10.1109/CVPRW56347.2022.00243},
  timestamp = {Mon, 29 Aug 2022 11:44:25 +0200},
  biburl    = {https://dblp.org/rec/conf/cvpr/MorelliFCLCC22.bib},
  bibsource = {dblp computer science bibliography, https://dblp.org}
}

@inproceedings{DBLP:conf/eccv/LeeGPCC22,
  author    = {Sangyun Lee and
               Gyojung Gu and
               Sunghyun Park and
               Seunghwan Choi and
               Jaegul Choo},
  editor    = {Shai Avidan and
               Gabriel J. Brostow and
               Moustapha Ciss{\'{e}} and
               Giovanni Maria Farinella and
               Tal Hassner},
  title     = {High-Resolution Virtual Try-On with Misalignment and Occlusion-Handled
               Conditions},
  booktitle = {Computer Vision - {ECCV} 2022 - 17th European Conference, Tel Aviv,
               Israel, October 23-27, 2022, Proceedings, Part {XVII}},
  series    = {Lecture Notes in Computer Science},
  volume    = {13677},
  pages     = {204--219},
  publisher = {Springer},
  year      = {2022},
  url       = {https://doi.org/10.1007/978-3-031-19790-1\_13},
  doi       = {10.1007/978-3-031-19790-1\_13},
  timestamp = {Wed, 26 Oct 2022 09:56:21 +0200},
  biburl    = {https://dblp.org/rec/conf/eccv/LeeGPCC22.bib},
  bibsource = {dblp computer science bibliography, https://dblp.org}
}

@inproceedings{DBLP:conf/eccv/BaiZLZY22,
  author    = {Shuai Bai and
               Huiling Zhou and
               Zhikang Li and
               Chang Zhou and
               Hongxia Yang},
  editor    = {Shai Avidan and
               Gabriel J. Brostow and
               Moustapha Ciss{\'{e}} and
               Giovanni Maria Farinella and
               Tal Hassner},
  title     = {Single Stage Virtual Try-On Via Deformable Attention Flows},
  booktitle = {Computer Vision - {ECCV} 2022 - 17th European Conference, Tel Aviv,
               Israel, October 23-27, 2022, Proceedings, Part {XV}},
  series    = {Lecture Notes in Computer Science},
  volume    = {13675},
  pages     = {409--425},
  publisher = {Springer},
  year      = {2022},
  url       = {https://doi.org/10.1007/978-3-031-19784-0\_24},
  doi       = {10.1007/978-3-031-19784-0\_24},
  timestamp = {Thu, 03 Nov 2022 12:18:06 +0100},
  biburl    = {https://dblp.org/rec/conf/eccv/BaiZLZY22.bib},
  bibsource = {dblp computer science bibliography, https://dblp.org}
}

@inproceedings{DBLP:conf/cvpr/YangY022,
  author    = {Han Yang and
               Xinrui Yu and
               Ziwei Liu},
  title     = {Full-Range Virtual Try-On with Recurrent Tri-Level Transform},
  booktitle = {{IEEE/CVF} Conference on Computer Vision and Pattern Recognition,
               {CVPR} 2022, New Orleans, LA, USA, June 18-24, 2022},
  pages     = {3450--3459},
  publisher = {{IEEE}},
  year      = {2022},
  url       = {https://doi.org/10.1109/CVPR52688.2022.00345},
  doi       = {10.1109/CVPR52688.2022.00345},
  timestamp = {Tue, 04 Oct 2022 17:56:08 +0200},
  biburl    = {https://dblp.org/rec/conf/cvpr/YangY022.bib},
  bibsource = {dblp computer science bibliography, https://dblp.org}
}

@inproceedings{DBLP:conf/cvpr/HeSX22,
  author    = {Sen He and
               Yi{-}Zhe Song and
               Tao Xiang},
  title     = {Style-Based Global Appearance Flow for Virtual Try-On},
  booktitle = {{IEEE/CVF} Conference on Computer Vision and Pattern Recognition,
               {CVPR} 2022, New Orleans, LA, USA, June 18-24, 2022},
  pages     = {3460--3469},
  publisher = {{IEEE}},
  year      = {2022},
  url       = {https://doi.org/10.1109/CVPR52688.2022.00346},
  doi       = {10.1109/CVPR52688.2022.00346},
  timestamp = {Mon, 28 Nov 2022 09:08:46 +0100},
  biburl    = {https://dblp.org/rec/conf/cvpr/HeSX22.bib},
  bibsource = {dblp computer science bibliography, https://dblp.org}
}

@inproceedings{DBLP:conf/cvpr/FengMSGLLOZZ22,
  author    = {Ruili Feng and
               Cheng Ma and
               Chengji Shen and
               Xin Gao and
               Zhenjiang Liu and
               Xiaobo Li and
               Kairi Ou and
               Deli Zhao and
               Zheng{-}Jun Zha},
  title     = {Weakly Supervised High-Fidelity Clothing Model Generation},
  booktitle = {{IEEE/CVF} Conference on Computer Vision and Pattern Recognition,
               {CVPR} 2022, New Orleans, LA, USA, June 18-24, 2022},
  pages     = {3430--3439},
  publisher = {{IEEE}},
  year      = {2022},
  url       = {https://doi.org/10.1109/CVPR52688.2022.00343},
  doi       = {10.1109/CVPR52688.2022.00343},
  timestamp = {Tue, 04 Oct 2022 17:56:08 +0200},
  biburl    = {https://dblp.org/rec/conf/cvpr/FengMSGLLOZZ22.bib},
  bibsource = {dblp computer science bibliography, https://dblp.org}
}

@inproceedings{DBLP:conf/cvpr/DongZXZDZLLY22,
  author    = {Xin Dong and
               Fuwei Zhao and
               Zhenyu Xie and
               Xijin Zhang and
               Daniel K. Du and
               Min Zheng and
               Xiang Long and
               Xiaodan Liang and
               Jianchao Yang},
  title     = {Dressing in the Wild by Watching Dance Videos},
  booktitle = {{IEEE/CVF} Conference on Computer Vision and Pattern Recognition,
               {CVPR} 2022, New Orleans, LA, USA, June 18-24, 2022},
  pages     = {3470--3479},
  publisher = {{IEEE}},
  year      = {2022},
  url       = {https://doi.org/10.1109/CVPR52688.2022.00347},
  doi       = {10.1109/CVPR52688.2022.00347},
  timestamp = {Tue, 04 Oct 2022 17:56:08 +0200},
  biburl    = {https://dblp.org/rec/conf/cvpr/DongZXZDZLLY22.bib},
  bibsource = {dblp computer science bibliography, https://dblp.org}
}

@inproceedings{DBLP:conf/cvpr/FenocchiMCBCC22,
  author    = {Emanuele Fenocchi and
               Davide Morelli and
               Marcella Cornia and
               Lorenzo Baraldi and
               Fabio Cesari and
               Rita Cucchiara},
  title     = {Dual-Branch Collaborative Transformer for Virtual Try-On},
  booktitle = {{IEEE/CVF} Conference on Computer Vision and Pattern Recognition Workshops,
               {CVPR} Workshops 2022, New Orleans, LA, USA, June 19-20, 2022},
  pages     = {2246--2250},
  publisher = {{IEEE}},
  year      = {2022},
  url       = {https://doi.org/10.1109/CVPRW56347.2022.00246},
  doi       = {10.1109/CVPRW56347.2022.00246},
  timestamp = {Tue, 21 Mar 2023 20:55:40 +0100},
  biburl    = {https://dblp.org/rec/conf/cvpr/FenocchiMCBCC22.bib},
  bibsource = {dblp computer science bibliography, https://dblp.org}
}

@inproceedings{DBLP:conf/iccv/CuiML21,
  author    = {Aiyu Cui and
               Daniel McKee and
               Svetlana Lazebnik},
  title     = {Dressing in Order: Recurrent Person Image Generation for Pose Transfer, Virtual Try-on and Outfit Editing},
  booktitle = {2021 {IEEE/CVF} International Conference on Computer Vision, {ICCV}
               2021, Montreal, QC, Canada, October 10-17, 2021},
  pages     = {14618--14627},
  publisher = {{IEEE}},
  year      = {2021},
  url       = {https://doi.org/10.1109/ICCV48922.2021.01437},
  doi       = {10.1109/ICCV48922.2021.01437},
  timestamp = {Fri, 11 Mar 2022 10:01:59 +0100},
  biburl    = {https://dblp.org/rec/conf/iccv/CuiML21.bib},
  bibsource = {dblp computer science bibliography, https://dblp.org}
}

@inproceedings{DBLP:conf/iccv/ChopraJHK21,
  author    = {Ayush Chopra and
               Rishabh Jain and
               Mayur Hemani and
               Balaji Krishnamurthy},
  title     = {ZFlow: Gated Appearance Flow-based Virtual Try-on with 3D Priors},
  booktitle = {2021 {IEEE/CVF} International Conference on Computer Vision, {ICCV}
               2021, Montreal, QC, Canada, October 10-17, 2021},
  pages     = {5413--5422},
  publisher = {{IEEE}},
  year      = {2021},
  url       = {https://doi.org/10.1109/ICCV48922.2021.00538},
  doi       = {10.1109/ICCV48922.2021.00538},
  timestamp = {Fri, 11 Mar 2022 10:01:59 +0100},
  biburl    = {https://dblp.org/rec/conf/iccv/ChopraJHK21.bib},
  bibsource = {dblp computer science bibliography, https://dblp.org}
}

@inproceedings{DBLP:conf/iccv/ChenLHSC21,
  author    = {Chieh{-}Yun Chen and
               Ling Lo and
               Pin{-}Jui Huang and
               Hong{-}Han Shuai and
               Wen{-}Huang Cheng},
  title     = {FashionMirror: Co-attention Feature-remapping Virtual Try-on with
               Sequential Template Poses},
  booktitle = {2021 {IEEE/CVF} International Conference on Computer Vision, {ICCV}
               2021, Montreal, QC, Canada, October 10-17, 2021},
  pages     = {13789--13798},
  publisher = {{IEEE}},
  year      = {2021},
  url       = {https://doi.org/10.1109/ICCV48922.2021.01355},
  doi       = {10.1109/ICCV48922.2021.01355},
  timestamp = {Fri, 11 Mar 2022 10:01:59 +0100},
  biburl    = {https://dblp.org/rec/conf/iccv/ChenLHSC21.bib},
  bibsource = {dblp computer science bibliography, https://dblp.org}
}

@inproceedings{DBLP:conf/cvpr/GeSZG0021,
  author    = {Yuying Ge and
               Yibing Song and
               Ruimao Zhang and
               Chongjian Ge and
               Wei Liu and
               Ping Luo},
  title     = {Parser-Free Virtual Try-On via Distilling Appearance Flows},
  booktitle = {{IEEE} Conference on Computer Vision and Pattern Recognition, {CVPR}
               2021, virtual, June 19-25, 2021},
  pages     = {8485--8493},
  publisher = {Computer Vision Foundation / {IEEE}},
  year      = {2021},
  url       = {https://doi.org/10.1109/CVPR46437.2021.00838},
  doi       = {10.1109/CVPR46437.2021.00838},
  timestamp = {Mon, 18 Jul 2022 16:47:41 +0200},
  biburl    = {https://dblp.org/rec/conf/cvpr/GeSZG0021.bib},
  bibsource = {dblp computer science bibliography, https://dblp.org}
}

@inproceedings{DBLP:conf/cvpr/ChoiPLC21,
  author    = {Seunghwan Choi and
               Sunghyun Park and
               Minsoo Lee and
               Jaegul Choo},
  title     = {{VITON-HD:} High-Resolution Virtual Try-On via Misalignment-Aware Normalization},
  booktitle = {{IEEE} Conference on Computer Vision and Pattern Recognition, {CVPR}
               2021, virtual, June 19-25, 2021},
  pages     = {14131--14140},
  publisher = {Computer Vision Foundation / {IEEE}},
  year      = {2021},
  url       = {https://doi.org/10.1109/CVPR46437.2021.01391},
  doi       = {10.1109/CVPR46437.2021.01391},
  timestamp = {Mon, 18 Jul 2022 16:47:41 +0200},
  biburl    = {https://dblp.org/rec/conf/cvpr/ChoiPLC21.bib},
  bibsource = {dblp computer science bibliography, https://dblp.org}
}

@inproceedings{DBLP:conf/cvpr/GeSGY0021,
  author    = {Chongjian Ge and
               Yibing Song and
               Yuying Ge and
               Han Yang and
               Wei Liu and
               Ping Luo},
  title     = {Disentangled Cycle Consistency for Highly-Realistic Virtual Try-On},
  booktitle = {{IEEE} Conference on Computer Vision and Pattern Recognition, {CVPR}
               2021, virtual, June 19-25, 2021},
  pages     = {16928--16937},
  publisher = {Computer Vision Foundation / {IEEE}},
  year      = {2021},
  url       = {https://doi.org/10.1109/CVPR46437.2021.01665},
  doi       = {10.1109/CVPR46437.2021.01665},
  timestamp = {Mon, 18 Jul 2022 16:47:41 +0200},
  biburl    = {https://dblp.org/rec/conf/cvpr/GeSGY0021.bib},
  bibsource = {dblp computer science bibliography, https://dblp.org}
}

@article{DBLP:journals/corr/OSheaN15,
  author     = {Keiron O'Shea and
                Ryan Nash},
  title      = {An Introduction to Convolutional Neural Networks},
  journal    = {CoRR},
  volume     = {abs/1511.08458},
  year       = {2015},
  url        = {http://arxiv.org/abs/1511.08458},
  eprinttype = {arXiv},
  eprint     = {1511.08458},
  timestamp  = {Mon, 13 Aug 2018 16:46:52 +0200},
  biburl     = {https://dblp.org/rec/journals/corr/OSheaN15.bib},
  bibsource  = {dblp computer science bibliography, https://dblp.org}
}

@inproceedings{DBLP:conf/cvpr/LiCZL21,
  author    = {Kedan Li and
               Min Jin Chong and
               Jeffrey Zhang and
               Jingen Liu},
  title     = {Toward Accurate and Realistic Outfits Visualization With Attention
               to Details},
  booktitle = {{IEEE} Conference on Computer Vision and Pattern Recognition, {CVPR}
               2021, virtual, June 19-25, 2021},
  pages     = {15546--15555},
  publisher = {Computer Vision Foundation / {IEEE}},
  year      = {2021},
  url       = {https://doi.org/10.1109/CVPR46437.2021.01529},
  doi       = {10.1109/CVPR46437.2021.01529},
  timestamp = {Mon, 05 Dec 2022 11:45:42 +0100},
  biburl    = {https://dblp.org/rec/conf/cvpr/LiCZL21.bib},
  bibsource = {dblp computer science bibliography, https://dblp.org}
}

@article{DBLP:journals/access/MinarTA21,
  author    = {Matiur Rahman Minar and
               Thanh Tuan Thai and
               Heejune Ahn},
  title     = {CloTH-VTON+: Clothing Three-Dimensional Reconstruction for Hybrid
               Image-Based Virtual Try-ON},
  journal   = {{IEEE} Access},
  volume    = {9},
  pages     = {30960--30978},
  year      = {2021},
  url       = {https://doi.org/10.1109/ACCESS.2021.3059701},
  doi       = {10.1109/ACCESS.2021.3059701},
  timestamp = {Tue, 23 Mar 2021 14:12:17 +0100},
  biburl    = {https://dblp.org/rec/journals/access/MinarTA21.bib},
  bibsource = {dblp computer science bibliography, https://dblp.org}
}

@article{SMPL:2015,
  author    = {Loper, Matthew and Mahmood, Naureen and Romero, Javier and Pons-Moll, Gerard and Black, Michael J.},
  title     = {{SMPL}: A Skinned Multi-Person Linear Model},
  journal   = {ACM Trans. Graphics (Proc. SIGGRAPH Asia)},
  month     = oct,
  number    = {6},
  pages     = {248:1--248:16},
  publisher = {ACM},
  volume    = {34},
  year      = {2015}
}

@inproceedings{minar20203d,
  title     = {3D reconstruction of clothes using a human body model and its application to image-based virtual try-on},
  author    = {Minar, Matiur Rahman and Tuan, Thai Thanh and Ahn, Heejune and Rosin, Paul and Lai, Yu-Kun},
  booktitle = {Proc. IEEE/CVF Conf. Comput. Vis. Pattern Recognit.(CVPR) Workshops},
  year      = {2020}
}

@inproceedings{DBLP:conf/eccv/IssenhuthMC20,
  author    = {Thibaut Issenhuth and
               J{\'{e}}r{\'{e}}mie Mary and
               Cl{\'{e}}ment Calauz{\`{e}}nes},
  editor    = {Andrea Vedaldi and
               Horst Bischof and
               Thomas Brox and
               Jan{-}Michael Frahm},
  title     = {Do Not Mask What You Do Not Need to Mask: {A} Parser-Free Virtual
               Try-On},
  booktitle = {Computer Vision - {ECCV} 2020 - 16th European Conference, Glasgow,
               UK, August 23-28, 2020, Proceedings, Part {XX}},
  series    = {Lecture Notes in Computer Science},
  volume    = {12365},
  pages     = {619--635},
  publisher = {Springer},
  year      = {2020},
  url       = {https://doi.org/10.1007/978-3-030-58565-5\_37},
  doi       = {10.1007/978-3-030-58565-5\_37},
  timestamp = {Thu, 12 Nov 2020 17:00:58 +0100},
  biburl    = {https://dblp.org/rec/conf/eccv/IssenhuthMC20.bib},
  bibsource = {dblp computer science bibliography, https://dblp.org}
}

@inproceedings{minar2020cp,
  title     = {CP-VTON+: Clothing shape and texture preserving image-based virtual try-on},
  author    = {Minar, Matiur Rahman and Tuan, Thai Thanh and Ahn, Heejune and Rosin, Paul and Lai, Yu-Kun},
  booktitle = {CVPR Workshops},
  volume    = {3},
  pages     = {10--14},
  year      = {2020}
}

@article{DBLP:journals/pami/KarrasLA21,
  author    = {Tero Karras and
               Samuli Laine and
               Timo Aila},
  title     = {A Style-Based Generator Architecture for Generative Adversarial Networks},
  journal   = {{IEEE} Trans. Pattern Anal. Mach. Intell.},
  volume    = {43},
  number    = {12},
  pages     = {4217--4228},
  year      = {2021},
  url       = {https://doi.org/10.1109/TPAMI.2020.2970919},
  doi       = {10.1109/TPAMI.2020.2970919},
  timestamp = {Wed, 16 Mar 2022 23:54:59 +0100},
  biburl    = {https://dblp.org/rec/journals/pami/KarrasLA21.bib},
  bibsource = {dblp computer science bibliography, https://dblp.org}
}

@inproceedings{DBLP:conf/iccvw/YildirimJVB19,
  author    = {G{\"{o}}khan Yildirim and
               Nikolay Jetchev and
               Roland Vollgraf and
               Urs Bergmann},
  title     = {Generating High-Resolution Fashion Model Images Wearing Custom Outfits},
  booktitle = {2019 {IEEE/CVF} International Conference on Computer Vision Workshops,
               {ICCV} Workshops 2019, Seoul, Korea (South), October 27-28, 2019},
  pages     = {3161--3164},
  publisher = {{IEEE}},
  year      = {2019},
  url       = {https://doi.org/10.1109/ICCVW.2019.00389},
  doi       = {10.1109/ICCVW.2019.00389},
  timestamp = {Mon, 27 Mar 2023 20:13:48 +0200},
  biburl    = {https://dblp.org/rec/conf/iccvw/YildirimJVB19.bib},
  bibsource = {dblp computer science bibliography, https://dblp.org}
}

@inproceedings{DBLP:conf/iccvw/LeeLKCP19,
  author    = {Hyug Jae Lee and
               Rokkyu Lee and
               Minseok Kang and
               Myounghoon Cho and
               Gunhan Park},
  title     = {{LA-VITON:} {A} Network for Looking-Attractive Virtual Try-On},
  booktitle = {2019 {IEEE/CVF} International Conference on Computer Vision Workshops,
               {ICCV} Workshops 2019, Seoul, Korea (South), October 27-28, 2019},
  pages     = {3129--3132},
  publisher = {{IEEE}},
  year      = {2019},
  url       = {https://doi.org/10.1109/ICCVW.2019.00381},
  doi       = {10.1109/ICCVW.2019.00381},
  timestamp = {Thu, 12 Mar 2020 12:34:59 +0100},
  biburl    = {https://dblp.org/rec/conf/iccvw/LeeLKCP19.bib},
  bibsource = {dblp computer science bibliography, https://dblp.org}
}

@inproceedings{DBLP:conf/iccvw/KuboISM19,
  author    = {Shizuma Kubo and
               Yusuke Iwasawa and
               Masahiro Suzuki and
               Yutaka Matsuo},
  title     = {{UVTON:} {UV} Mapping to Consider the 3D Structure of a Human in Image-Based
               Virtual Try-On Network},
  booktitle = {2019 {IEEE/CVF} International Conference on Computer Vision Workshops,
               {ICCV} Workshops 2019, Seoul, Korea (South), October 27-28, 2019},
  pages     = {3105--3108},
  publisher = {{IEEE}},
  year      = {2019},
  url       = {https://doi.org/10.1109/ICCVW.2019.00375},
  doi       = {10.1109/ICCVW.2019.00375},
  timestamp = {Thu, 12 Mar 2020 12:34:59 +0100},
  biburl    = {https://dblp.org/rec/conf/iccvw/KuboISM19.bib},
  bibsource = {dblp computer science bibliography, https://dblp.org}
}

@inproceedings{DBLP:conf/iccv/HanHHS19,
  author    = {Xintong Han and
               Weilin Huang and
               Xiaojun Hu and
               Matthew R. Scott},
  title     = {ClothFlow: {A} Flow-Based Model for Clothed Person Generation},
  booktitle = {2019 {IEEE/CVF} International Conference on Computer Vision, {ICCV}
               2019, Seoul, Korea (South), October 27 - November 2, 2019},
  pages     = {10470--10479},
  publisher = {{IEEE}},
  year      = {2019},
  url       = {https://doi.org/10.1109/ICCV.2019.01057},
  doi       = {10.1109/ICCV.2019.01057},
  timestamp = {Thu, 05 Mar 2020 13:43:22 +0100},
  biburl    = {https://dblp.org/rec/conf/iccv/HanHHS19.bib},
  bibsource = {dblp computer science bibliography, https://dblp.org}
}

@inproceedings{DBLP:conf/iccv/YuWX19,
  author    = {Ruiyun Yu and
               Xiaoqi Wang and
               Xiaohui Xie},
  title     = {{VTNFP:} An Image-Based Virtual Try-On Network With Body and Clothing
               Feature Preservation},
  booktitle = {2019 {IEEE/CVF} International Conference on Computer Vision, {ICCV}
               2019, Seoul, Korea (South), October 27 - November 2, 2019},
  pages     = {10510--10519},
  publisher = {{IEEE}},
  year      = {2019},
  url       = {https://doi.org/10.1109/ICCV.2019.01061},
  doi       = {10.1109/ICCV.2019.01061},
  timestamp = {Thu, 05 Mar 2020 13:43:22 +0100},
  biburl    = {https://dblp.org/rec/conf/iccv/YuWX19.bib},
  bibsource = {dblp computer science bibliography, https://dblp.org}
}

@inproceedings{DBLP:conf/iccvw/AyushJCHK19,
  author    = {Kumar Ayush and
               Surgan Jandial and
               Ayush Chopra and
               Mayur Hemani and
               Balaji Krishnamurthy},
  title     = {Robust Cloth Warping via Multi-Scale Patch Adversarial Loss for Virtual
               Try-On Framework},
  booktitle = {2019 {IEEE/CVF} International Conference on Computer Vision Workshops,
               {ICCV} Workshops 2019, Seoul, Korea (South), October 27-28, 2019},
  pages     = {1279--1281},
  publisher = {{IEEE}},
  year      = {2019},
  url       = {https://doi.org/10.1109/ICCVW.2019.00161},
  doi       = {10.1109/ICCVW.2019.00161},
  timestamp = {Thu, 12 Mar 2020 12:34:59 +0100},
  biburl    = {https://dblp.org/rec/conf/iccvw/AyushJCHK19.bib},
  bibsource = {dblp computer science bibliography, https://dblp.org}
}

@inproceedings{DBLP:conf/iccvw/AyushJCK19,
  author    = {Kumar Ayush and
               Surgan Jandial and
               Ayush Chopra and
               Balaji Krishnamurthy},
  title     = {Powering Virtual Try-On via Auxiliary Human Segmentation Learning},
  booktitle = {2019 {IEEE/CVF} International Conference on Computer Vision Workshops,
               {ICCV} Workshops 2019, Seoul, Korea (South), October 27-28, 2019},
  pages     = {3193--3196},
  publisher = {{IEEE}},
  year      = {2019},
  url       = {https://doi.org/10.1109/ICCVW.2019.00397},
  doi       = {10.1109/ICCVW.2019.00397},
  timestamp = {Thu, 12 Mar 2020 12:34:59 +0100},
  biburl    = {https://dblp.org/rec/conf/iccvw/AyushJCK19.bib},
  bibsource = {dblp computer science bibliography, https://dblp.org}
}

Pose Guided

@article{DBLP:journals/corr/abs-2008-11898,
  author     = {Ji Liu and
                Heshan Liu and
                Mang Tik Chiu and
                Yu{-}Wing Tai and
                Chi{-}Keung Tang},
  title      = {Pose-Guided High-Resolution Appearance Transfer via Progressive Training},
  journal    = {CoRR},
  volume     = {abs/2008.11898},
  year       = {2020},
  url        = {https://arxiv.org/abs/2008.11898},
  eprinttype = {arXiv},
  eprint     = {2008.11898},
  timestamp  = {Tue, 15 Sep 2020 20:52:22 +0200},
  biburl     = {https://dblp.org/rec/journals/corr/abs-2008-11898.bib},
  bibsource  = {dblp computer science bibliography, https://dblp.org}
}

@inproceedings{DBLP:conf/cvpr/FruhstuckSSMWL22,
  author    = {Anna Fr{\"{u}}hst{\"{u}}ck and
               Krishna Kumar Singh and
               Eli Shechtman and
               Niloy J. Mitra and
               Peter Wonka and
               Jingwan Lu},
  title     = {InsetGAN for Full-Body Image Generation},
  booktitle = {{IEEE/CVF} Conference on Computer Vision and Pattern Recognition,
               {CVPR} 2022, New Orleans, LA, USA, June 18-24, 2022},
  pages     = {7713--7722},
  publisher = {{IEEE}},
  year      = {2022},
  url       = {https://doi.org/10.1109/CVPR52688.2022.00757},
  doi       = {10.1109/CVPR52688.2022.00757},
  timestamp = {Tue, 21 Mar 2023 20:55:39 +0100},
  biburl    = {https://dblp.org/rec/conf/cvpr/FruhstuckSSMWL22.bib},
  bibsource = {dblp computer science bibliography, https://dblp.org}
}

@article{DBLP:journals/pami/ZhuHXSCB22,
  author    = {Zhen Zhu and
               Tengteng Huang and
               Mengde Xu and
               Baoguang Shi and
               Wenqing Cheng and
               Xiang Bai},
  title     = {Progressive and Aligned Pose Attention Transfer for Person Image Generation},
  journal   = {{IEEE} Trans. Pattern Anal. Mach. Intell.},
  volume    = {44},
  number    = {8},
  pages     = {4306--4320},
  year      = {2022},
  url       = {https://doi.org/10.1109/TPAMI.2021.3068236},
  doi       = {10.1109/TPAMI.2021.3068236},
  timestamp = {Mon, 08 Aug 2022 21:23:42 +0200},
  biburl    = {https://dblp.org/rec/journals/pami/ZhuHXSCB22.bib},
  bibsource = {dblp computer science bibliography, https://dblp.org}
}

@inproceedings{DBLP:conf/eccv/ZhouYCSGL22,
  author    = {Xinyue Zhou and
               Mingyu Yin and
               Xinyuan Chen and
               Li Sun and
               Changxin Gao and
               Qingli Li},
  editor    = {Shai Avidan and
               Gabriel J. Brostow and
               Moustapha Ciss{\'{e}} and
               Giovanni Maria Farinella and
               Tal Hassner},
  title     = {Cross Attention Based Style Distribution for Controllable Person Image
               Synthesis},
  booktitle = {Computer Vision - {ECCV} 2022 - 17th European Conference, Tel Aviv,
               Israel, October 23-27, 2022, Proceedings, Part {XV}},
  series    = {Lecture Notes in Computer Science},
  volume    = {13675},
  pages     = {161--178},
  publisher = {Springer},
  year      = {2022},
  url       = {https://doi.org/10.1007/978-3-031-19784-0\_10},
  doi       = {10.1007/978-3-031-19784-0\_10},
  timestamp = {Thu, 03 Nov 2022 12:18:06 +0100},
  biburl    = {https://dblp.org/rec/conf/eccv/ZhouYCSGL22.bib},
  bibsource = {dblp computer science bibliography, https://dblp.org}
}

@inproceedings{DBLP:journals/corr/SimonyanZ14a,
  author    = {Karen Simonyan and
               Andrew Zisserman},
  editor    = {Yoshua Bengio and
               Yann LeCun},
  title     = {Very Deep Convolutional Networks for Large-Scale Image Recognition},
  booktitle = {3rd International Conference on Learning Representations, {ICLR} 2015,
               San Diego, CA, USA, May 7-9, 2015, Conference Track Proceedings},
  year      = {2015},
  url       = {http://arxiv.org/abs/1409.1556},
  timestamp = {Wed, 17 Jul 2019 10:40:54 +0200},
  biburl    = {https://dblp.org/rec/journals/corr/SimonyanZ14a.bib},
  bibsource = {dblp computer science bibliography, https://dblp.org}
}

@article{DBLP:journals/tog/AlBaharLYSSH21,
  author    = {Badour AlBahar and
               Jingwan Lu and
               Jimei Yang and
               Zhixin Shu and
               Eli Shechtman and
               Jia{-}Bin Huang},
  title     = {Pose with style: detail-preserving pose-guided image synthesis with
               conditional StyleGAN},
  journal   = {{ACM} Trans. Graph.},
  volume    = {40},
  number    = {6},
  pages     = {218:1--218:11},
  year      = {2021},
  url       = {https://doi.org/10.1145/3478513.3480559},
  doi       = {10.1145/3478513.3480559},
  timestamp = {Sat, 24 Jun 2023 08:49:12 +0200},
  biburl    = {https://dblp.org/rec/journals/tog/AlBaharLYSSH21.bib},
  bibsource = {dblp computer science bibliography, https://dblp.org}
}

@article{DBLP:journals/corr/abs-2006-01435,
  author     = {Chen Gao and
                Si Liu and
                Ran He and
                Shuicheng Yan and
                Bo Li},
  title      = {Recapture as You Want},
  journal    = {CoRR},
  volume     = {abs/2006.01435},
  year       = {2020},
  url        = {https://arxiv.org/abs/2006.01435},
  eprinttype = {arXiv},
  eprint     = {2006.01435},
  timestamp  = {Fri, 12 Feb 2021 08:22:48 +0100},
  biburl     = {https://dblp.org/rec/journals/corr/abs-2006-01435.bib},
  bibsource  = {dblp computer science bibliography, https://dblp.org}
}

@article{DBLP:journals/tip/RenLLL20,
  author    = {Yurui Ren and
               Ge Li and
               Shan Liu and
               Thomas H. Li},
  title     = {Deep Spatial Transformation for Pose-Guided Person Image Generation
               and Animation},
  journal   = {{IEEE} Trans. Image Process.},
  volume    = {29},
  pages     = {8622--8635},
  year      = {2020},
  url       = {https://doi.org/10.1109/TIP.2020.3018224},
  doi       = {10.1109/TIP.2020.3018224},
  timestamp = {Wed, 15 Dec 2021 10:30:46 +0100},
  biburl    = {https://dblp.org/rec/journals/tip/RenLLL20.bib},
  bibsource = {dblp computer science bibliography, https://dblp.org}
}

@inproceedings{DBLP:conf/cvpr/WangWFLZXZ20,
  author    = {Jiashun Wang and
               Chao Wen and
               Yanwei Fu and
               Haitao Lin and
               Tianyun Zou and
               Xiangyang Xue and
               Yinda Zhang},
  title     = {Neural Pose Transfer by Spatially Adaptive Instance Normalization},
  booktitle = {2020 {IEEE/CVF} Conference on Computer Vision and Pattern Recognition,
               {CVPR} 2020, Seattle, WA, USA, June 13-19, 2020},
  pages     = {5830--5838},
  publisher = {Computer Vision Foundation / {IEEE}},
  year      = {2020},
  url       = {https://doi.org/10.1109/CVPR42600.2020.00587},
  doi       = {10.1109/CVPR42600.2020.00587},
  timestamp = {Tue, 25 Oct 2022 10:17:42 +0200},
  biburl    = {https://dblp.org/rec/conf/cvpr/WangWFLZXZ20.bib},
  bibsource = {dblp computer science bibliography, https://dblp.org}
}

@inproceedings{DBLP:conf/cvpr/Park0WZ19,
  author    = {Taesung Park and
               Ming{-}Yu Liu and
               Ting{-}Chun Wang and
               Jun{-}Yan Zhu},
  title     = {Semantic Image Synthesis With Spatially-Adaptive Normalization},
  booktitle = {{IEEE} Conference on Computer Vision and Pattern Recognition, {CVPR}
               2019, Long Beach, CA, USA, June 16-20, 2019},
  pages     = {2337--2346},
  publisher = {Computer Vision Foundation / {IEEE}},
  year      = {2019},
  url       = {http://doi.org/10.1109/CVPR.2019.00244},
  doi       = {10.1109/CVPR.2019.00244},
  timestamp = {Mon, 30 Aug 2021 17:01:14 +0200},
  biburl    = {https://dblp.org/rec/conf/cvpr/Park0WZ19.bib},
  bibsource = {dblp computer science bibliography, https://dblp.org}
}

@article{DBLP:journals/tip/LiZLLD20,
  author    = {Kun Li and
               Jinsong Zhang and
               Yebin Liu and
               Yu{-}Kun Lai and
               Qionghai Dai},
  title     = {PoNA: Pose-Guided Non-Local Attention for Human Pose Transfer},
  journal   = {{IEEE} Trans. Image Process.},
  volume    = {29},
  pages     = {9584--9599},
  year      = {2020},
  url       = {https://doi.org/10.1109/TIP.2020.3029455},
  doi       = {10.1109/TIP.2020.3029455},
  timestamp = {Thu, 14 Oct 2021 09:27:44 +0200},
  biburl    = {https://dblp.org/rec/journals/tip/LiZLLD20.bib},
  bibsource = {dblp computer science bibliography, https://dblp.org}
}

@inproceedings{DBLP:conf/cvpr/MenMJML20,
  author    = {Yifang Men and
               Yiming Mao and
               Yuning Jiang and
               Wei{-}Ying Ma and
               Zhouhui Lian},
  title     = {Controllable Person Image Synthesis With Attribute-Decomposed {GAN}},
  booktitle = {2020 {IEEE/CVF} Conference on Computer Vision and Pattern Recognition,
               {CVPR} 2020, Seattle, WA, USA, June 13-19, 2020},
  pages     = {5083--5092},
  publisher = {Computer Vision Foundation / {IEEE}},
  year      = {2020},
  url       = {https://doi.org/10.1109/CVPR42600.2020.00513},
  doi       = {10.1109/CVPR42600.2020.00513},
  timestamp = {Tue, 31 Aug 2021 14:00:04 +0200},
  biburl    = {https://dblp.org/rec/conf/cvpr/MenMJML20.bib},
  bibsource = {dblp computer science bibliography, https://dblp.org}
}

@inproceedings{DBLP:conf/ijcai/HuangXCWZWHD20,
  author    = {Siyu Huang and
               Haoyi Xiong and
               Zhi{-}Qi Cheng and
               Qingzhong Wang and
               Xingran Zhou and
               Bihan Wen and
               Jun Huan and
               Dejing Dou},
  editor    = {Christian Bessiere},
  title     = {Generating Person Images with Appearance-aware Pose Stylizer},
  booktitle = {Proceedings of the Twenty-Ninth International Joint Conference on
               Artificial Intelligence, {IJCAI} 2020},
  pages     = {623--629},
  publisher = {ijcai.org},
  year      = {2020},
  url       = {https://doi.org/10.24963/ijcai.2020/87},
  doi       = {10.24963/ijcai.2020/87},
  timestamp = {Sun, 02 Oct 2022 16:08:03 +0200},
  biburl    = {https://dblp.org/rec/conf/ijcai/HuangXCWZWHD20.bib},
  bibsource = {dblp computer science bibliography, https://dblp.org}
}

@inproceedings{DBLP:conf/cvpr/SongZLM19,
  author    = {Sijie Song and
               Wei Zhang and
               Jiaying Liu and
               Tao Mei},
  title     = {Unsupervised Person Image Generation With Semantic Parsing Transformation},
  booktitle = {{IEEE} Conference on Computer Vision and Pattern Recognition, {CVPR}
               2019, Long Beach, CA, USA, June 16-20, 2019},
  pages     = {2357--2366},
  publisher = {Computer Vision Foundation / {IEEE}},
  year      = {2019},
  url       = {http://doi.org/10.1109/CVPR.2019.00246},
  doi       = {10.1109/CVPR.2019.00246},
  timestamp = {Mon, 26 Jun 2023 20:40:09 +0200},
  biburl    = {https://dblp.org/rec/conf/cvpr/SongZLM19.bib},
  bibsource = {dblp computer science bibliography, https://dblp.org}
}

@article{DBLP:journals/corr/abs-1906-07251,
  author     = {Wei Sun and
                Jawadul H. Bappy and
                Shanglin Yang and
                Yi Xu and
                Tianfu Wu and
                Hui Zhou},
  title      = {Pose Guided Fashion Image Synthesis Using Deep Generative Model},
  journal    = {CoRR},
  volume     = {abs/1906.07251},
  year       = {2019},
  url        = {http://arxiv.org/abs/1906.07251},
  eprinttype = {arXiv},
  eprint     = {1906.07251},
  timestamp  = {Tue, 06 Jul 2021 17:06:45 +0200},
  biburl     = {https://dblp.org/rec/journals/corr/abs-1906-07251.bib},
  bibsource  = {dblp computer science bibliography, https://dblp.org}
}

@inproceedings{DBLP:conf/iccv/LiuPML0G19,
  author    = {Wen Liu and
               Zhixin Piao and
               Jie Min and
               Wenhan Luo and
               Lin Ma and
               Shenghua Gao},
  title     = {Liquid Warping {GAN:} {A} Unified Framework for Human Motion Imitation,
               Appearance Transfer and Novel View Synthesis},
  booktitle = {2019 {IEEE/CVF} International Conference on Computer Vision, {ICCV}
               2019, Seoul, Korea (South), October 27 - November 2, 2019},
  pages     = {5903--5912},
  publisher = {{IEEE}},
  year      = {2019},
  url       = {https://doi.org/10.1109/ICCV.2019.00600},
  doi       = {10.1109/ICCV.2019.00600},
  timestamp = {Mon, 26 Jun 2023 20:41:02 +0200},
  biburl    = {https://dblp.org/rec/conf/iccv/LiuPML0G19.bib},
  bibsource = {dblp computer science bibliography, https://dblp.org}
}

@inproceedings{DBLP:conf/cvpr/LiHL19,
  author    = {Yining Li and
               Chen Huang and
               Chen Change Loy},
  title     = {Dense Intrinsic Appearance Flow for Human Pose Transfer},
  booktitle = {{IEEE} Conference on Computer Vision and Pattern Recognition, {CVPR}
               2019, Long Beach, CA, USA, June 16-20, 2019},
  pages     = {3693--3702},
  publisher = {Computer Vision Foundation / {IEEE}},
  year      = {2019},
  url       = {http://doi.org/10.1109/CVPR.2019.00381},
  doi       = {10.1109/CVPR.2019.00381},
  timestamp = {Mon, 07 Nov 2022 15:33:44 +0100},
  biburl    = {https://dblp.org/rec/conf/cvpr/LiHL19.bib},
  bibsource = {dblp computer science bibliography, https://dblp.org}
}

@inproceedings{DBLP:conf/iccv/AlbaharH19,
  author    = {Badour Albahar and
               Jia{-}Bin Huang},
  title     = {Guided Image-to-Image Translation With Bi-Directional Feature Transformation},
  booktitle = {2019 {IEEE/CVF} International Conference on Computer Vision, {ICCV}
               2019, Seoul, Korea (South), October 27 - November 2, 2019},
  pages     = {9015--9024},
  publisher = {{IEEE}},
  year      = {2019},
  url       = {https://doi.org/10.1109/ICCV.2019.00911},
  doi       = {10.1109/ICCV.2019.00911},
  timestamp = {Sat, 24 Jun 2023 08:49:12 +0200},
  biburl    = {https://dblp.org/rec/conf/iccv/AlbaharH19.bib},
  bibsource = {dblp computer science bibliography, https://dblp.org}
}

Multi-pose

@inproceedings{DBLP:conf/icip/HsiehCCSC19,
  author    = {Chia{-}Wei Hsieh and
               Chieh{-}Yun Chen and
               Chien{-}Lung Chou and
               Hong{-}Han Shuai and
               Wen{-}Huang Cheng},
  title     = {Fit-me: Image-Based Virtual Try-on With Arbitrary Poses},
  booktitle = {2019 {IEEE} International Conference on Image Processing, {ICIP} 2019,
               Taipei, Taiwan, September 22-25, 2019},
  pages     = {4694--4698},
  publisher = {{IEEE}},
  year      = {2019},
  url       = {https://doi.org/10.1109/ICIP.2019.8803681},
  doi       = {10.1109/ICIP.2019.8803681},
  timestamp = {Wed, 11 Dec 2019 16:30:23 +0100},
  biburl    = {https://dblp.org/rec/conf/icip/HsiehCCSC19.bib},
  bibsource = {dblp computer science bibliography, https://dblp.org}
}

@inproceedings{DBLP:conf/iccv/DongLSWLZH019,
  author    = {Haoye Dong and
               Xiaodan Liang and
               Xiaohui Shen and
               Bochao Wang and
               Hanjiang Lai and
               Jia Zhu and
               Zhiting Hu and
               Jian Yin},
  title     = {Towards Multi-Pose Guided Virtual Try-On Network},
  booktitle = {2019 {IEEE/CVF} International Conference on Computer Vision, {ICCV}
               2019, Seoul, Korea (South), October 27 - November 2, 2019},
  pages     = {9025--9034},
  publisher = {{IEEE}},
  year      = {2019},
  url       = {https://doi.org/10.1109/ICCV.2019.00912},
  doi       = {10.1109/ICCV.2019.00912},
  timestamp = {Wed, 15 Feb 2023 17:44:59 +0100},
  biburl    = {https://dblp.org/rec/conf/iccv/DongLSWLZH019.bib},
  bibsource = {dblp computer science bibliography, https://dblp.org}
}

@article{DBLP:journals/access/ThaiMAW21,
  author    = {Thanh Tuan Thai and
               Matiur Rahman Minar and
               Heejune Ahn and
               John Wainwright},
  title     = {Multiple Pose Virtual Try-On Based on 3D Clothing Reconstruction},
  journal   = {{IEEE} Access},
  volume    = {9},
  pages     = {114367--114380},
  year      = {2021},
  url       = {https://doi.org/10.1109/ACCESS.2021.3104274},
  doi       = {10.1109/ACCESS.2021.3104274},
  timestamp = {Wed, 01 Sep 2021 12:45:01 +0200},
  biburl    = {https://dblp.org/rec/journals/access/ThaiMAW21.bib},
  bibsource = {dblp computer science bibliography, https://dblp.org}
}

@article{DBLP:journals/tmm/HuLZR22,
  author    = {Bingwen Hu and
               Ping Liu and
               Zhedong Zheng and
               Mingwu Ren},
  title     = {{SPG-VTON:} Semantic Prediction Guidance for Multi-Pose Virtual Try-on},
  journal   = {{IEEE} Trans. Multim.},
  volume    = {24},
  pages     = {1233--1246},
  year      = {2022},
  url       = {https://doi.org/10.1109/TMM.2022.3143712},
  doi       = {10.1109/TMM.2022.3143712},
  timestamp = {Fri, 01 Apr 2022 11:24:02 +0200},
  biburl    = {https://dblp.org/rec/journals/tmm/HuLZR22.bib},
  bibsource = {dblp computer science bibliography, https://dblp.org}
}

@inproceedings{du2023cf,
  title        = {CF-VTON: Multi-Pose Virtual Try-on with Cross-Domain Fusion},
  author       = {Du, Chenghu and Xiong, Shengwu},
  booktitle    = {ICASSP 2023-2023 IEEE International Conference on Acoustics, Speech and Signal Processing (ICASSP)},
  pages        = {1--5},
  year         = {2023},
  organization = {IEEE}
}

Video

@inproceedings{DBLP:conf/wacv/KuppaJLLM21,
  author    = {Gaurav Kuppa and
               Andrew Jong and
               Xin Liu and
               Ziwei Liu and
               Teng{-}Sheng Moh},
  title     = {ShineOn: Illuminating Design Choices for Practical Video-based Virtual
               Clothing Try-on},
  booktitle = {{IEEE} Winter Conference on Applications of Computer Vision Workshops,
               {WACV} Workshops 2021, Waikoloa, HI, USA, January 5-9, 2021},
  pages     = {191--200},
  publisher = {{IEEE}},
  year      = {2021},
  url       = {https://doi.org/10.1109/WACVW52041.2021.00025},
  doi       = {10.1109/WACVW52041.2021.00025},
  timestamp = {Thu, 17 Feb 2022 14:51:47 +0100},
  biburl    = {https://dblp.org/rec/conf/wacv/KuppaJLLM21.bib},
  bibsource = {dblp computer science bibliography, https://dblp.org}
}

@inproceedings{DBLP:conf/mm/ZhongWTLW21,
  author    = {Xiaojing Zhong and
               Zhonghua Wu and
               Taizhe Tan and
               Guosheng Lin and
               Qingyao Wu},
  editor    = {Heng Tao Shen and
               Yueting Zhuang and
               John R. Smith and
               Yang Yang and
               Pablo C{\'{e}}sar and
               Florian Metze and
               Balakrishnan Prabhakaran},
  title     = {{MV-TON:} Memory-based Video Virtual Try-on network},
  booktitle = {{MM} '21: {ACM} Multimedia Conference, Virtual Event, China, October
               20 - 24, 2021},
  pages     = {908--916},
  publisher = {{ACM}},
  year      = {2021},
  url       = {https://doi.org/10.1145/3474085.3475269},
  doi       = {10.1145/3474085.3475269},
  timestamp = {Fri, 02 Dec 2022 08:27:05 +0100},
  biburl    = {https://dblp.org/rec/conf/mm/ZhongWTLW21.bib},
  bibsource = {dblp computer science bibliography, https://dblp.org}
}

@inproceedings{DBLP:conf/cvpr/JiangWYL22,
  author    = {Jianbin Jiang and
               Tan Wang and
               He Yan and
               Junhui Liu},
  title     = {ClothFormer: Taming Video Virtual Try-on in All Module},
  booktitle = {{IEEE/CVF} Conference on Computer Vision and Pattern Recognition,
               {CVPR} 2022, New Orleans, LA, USA, June 18-24, 2022},
  pages     = {10789--10798},
  publisher = {{IEEE}},
  year      = {2022},
  url       = {https://doi.org/10.1109/CVPR52688.2022.01053},
  doi       = {10.1109/CVPR52688.2022.01053},
  timestamp = {Wed, 05 Oct 2022 16:31:19 +0200},
  biburl    = {https://dblp.org/rec/conf/cvpr/JiangWYL22.bib},
  bibsource = {dblp computer science bibliography, https://dblp.org}
}

3D

@inproceedings{DBLP:conf/nips/SantestebanOTC22,
  author    = {Igor Santesteban and
               Miguel A. Otaduy and
               Nils Thuerey and
               Dan Casas},
  title     = {ULNeF: Untangled Layered Neural Fields for Mix-and-Match Virtual Try-On},
  booktitle = {NeurIPS},
  year      = {2022},
  url       = {http://papers.nips.cc/paper\_files/paper/2022/hash/4ee3ac2cd119023c79b0d21c4a464dc7-Abstract-Conference.html},
  timestamp = {Thu, 11 May 2023 17:08:21 +0200},
  biburl    = {https://dblp.org/rec/conf/nips/SantestebanOTC22.bib},
  bibsource = {dblp computer science bibliography, https://dblp.org}
}

@inproceedings{DBLP:conf/wacv/MajithiaPBGSS22,
  author    = {Sahib Majithia and
               Sandeep N. Parameswaran and
               Sadbhavana Babar and
               Vikram Garg and
               Astitva Srivastava and
               Avinash Sharma},
  title     = {Robust 3D Garment Digitization from Monocular 2D Images for 3D Virtual
               Try-On Systems},
  booktitle = {{IEEE/CVF} Winter Conference on Applications of Computer Vision, {WACV}
               2022, Waikoloa, HI, USA, January 3-8, 2022},
  pages     = {1411--1421},
  publisher = {{IEEE}},
  year      = {2022},
  url       = {https://doi.org/10.1109/WACV51458.2022.00148},
  doi       = {10.1109/WACV51458.2022.00148},
  timestamp = {Wed, 18 May 2022 16:10:48 +0200},
  biburl    = {https://dblp.org/rec/conf/wacv/MajithiaPBGSS22.bib},
  bibsource = {dblp computer science bibliography, https://dblp.org}
}


Augmented Reality

@inproceedings{di2020comparative,
  title        = {A comparative research on clothing images classification based on neural network models},
  author       = {Di, Wang},
  booktitle    = {2020 IEEE 2nd International Conference on Civil Aviation Safety and Information Technology (ICCASIT},
  pages        = {495--499},
  year         = {2020},
  organization = {IEEE}
}

@article{DBLP:journals/corr/HowardZCKWWAA17,
  author     = {Andrew G. Howard and
                Menglong Zhu and
                Bo Chen and
                Dmitry Kalenichenko and
                Weijun Wang and
                Tobias Weyand and
                Marco Andreetto and
                Hartwig Adam},
  title      = {MobileNets: Efficient Convolutional Neural Networks for Mobile Vision
                Applications},
  journal    = {CoRR},
  volume     = {abs/1704.04861},
  year       = {2017},
  url        = {http://arxiv.org/abs/1704.04861},
  eprinttype = {arXiv},
  eprint     = {1704.04861},
  timestamp  = {Thu, 27 May 2021 16:20:51 +0200},
  biburl     = {https://dblp.org/rec/journals/corr/HowardZCKWWAA17.bib},
  bibsource  = {dblp computer science bibliography, https://dblp.org}
}

@inproceedings{DBLP:conf/cvpr/SandlerHZZC18,
  author    = {Mark Sandler and
               Andrew G. Howard and
               Menglong Zhu and
               Andrey Zhmoginov and
               Liang{-}Chieh Chen},
  title     = {MobileNetV2: Inverted Residuals and Linear Bottlenecks},
  booktitle = {2018 {IEEE} Conference on Computer Vision and Pattern Recognition,
               {CVPR} 2018, Salt Lake City, UT, USA, June 18-22, 2018},
  pages     = {4510--4520},
  publisher = {Computer Vision Foundation / {IEEE} Computer Society},
  year      = {2018},
  url       = {https://doi.org/10.1109/CVPR.2018.00474},
  doi       = {10.1109/CVPR.2018.00474},
  timestamp = {Fri, 24 Mar 2023 00:02:57 +0100},
  biburl    = {https://dblp.org/rec/conf/cvpr/SandlerHZZC18.bib},
  bibsource = {dblp computer science bibliography, https://dblp.org}
}

@inproceedings{hashmi2020augmented,
  title        = {An augmented reality based Virtual dressing room using Haarcascades Classifier},
  author       = {Hashmi, Nauman Zafar and Irtaza, Aun and Ahmed, Wakeel and Nida, Nudrat},
  booktitle    = {2020 14th International Conference on Open Source Systems and Technologies (ICOSST)},
  pages        = {1--6},
  year         = {2020},
  organization = {IEEE}
}

@inproceedings{DBLP:conf/cvpr/ViolaJ01,
  author    = {Paul A. Viola and
               Michael J. Jones},
  title     = {Rapid Object Detection using a Boosted Cascade of Simple Features},
  booktitle = {2001 {IEEE} Computer Society Conference on Computer Vision and Pattern
               Recognition {(CVPR} 2001), with CD-ROM, 8-14 December 2001, Kauai,
               HI, {USA}},
  pages     = {511--518},
  publisher = {{IEEE} Computer Society},
  year      = {2001},
  url       = {https://doi.org/10.1109/CVPR.2001.990517},
  doi       = {10.1109/CVPR.2001.990517},
  timestamp = {Fri, 24 Mar 2023 00:02:54 +0100},
  biburl    = {https://dblp.org/rec/conf/cvpr/ViolaJ01.bib},
  bibsource = {dblp computer science bibliography, https://dblp.org}
}

@inproceedings{DBLP:conf/ieeehpcs/JongM19,
  author    = {Andrew Jong and
               Teng{-}Sheng Moh},
  title     = {Short Video Datasets Show Potential for Outfits in Augmented Reality},
  booktitle = {17th International Conference on High Performance Computing {\&}
               Simulation, {HPCS} 2019, Dublin, Ireland, July 15-19, 2019},
  pages     = {201--208},
  publisher = {{IEEE}},
  year      = {2019},
  url       = {https://doi.org/10.1109/HPCS48598.2019.9188236},
  doi       = {10.1109/HPCS48598.2019.9188236},
  timestamp = {Fri, 09 Apr 2021 18:37:42 +0200},
  biburl    = {https://dblp.org/rec/conf/ieeehpcs/JongM19.bib},
  bibsource = {dblp computer science bibliography, https://dblp.org}
}

@inproceedings{feng2021personalized,
  title        = {Personalized customization system solution using augmented reality technology},
  author       = {Feng, Liying and Ma, Liyao and Ng, Giapweng},
  booktitle    = {MATEC Web of Conferences},
  volume       = {336},
  pages        = {05017},
  year         = {2021},
  organization = {EDP Sciences}
}

@article{DBLP:journals/ijim/El-SeoudT19,
  author    = {Samir Abou El{-}Seoud and
               Islam A. T. F. Taj{-}Eddin},
  title     = {An Android Augmented Reality Application for Retail Fashion Shopping},
  journal   = {Int. J. Interact. Mob. Technol.},
  volume    = {13},
  number    = {1},
  pages     = {4--19},
  year      = {2019},
  url       = {https://doi.org/10.3991/ijim.v13i01.9898},
  doi       = {10.3991/ijim.v13i01.9898},
  timestamp = {Thu, 23 Jun 2022 19:59:55 +0200},
  biburl    = {https://dblp.org/rec/journals/ijim/El-SeoudT19.bib},
  bibsource = {dblp computer science bibliography, https://dblp.org}
}

@article{DBLP:journals/sensors/BattistoniGRSVB22,
  author    = {Pietro Battistoni and
               Marianna Di Gregorio and
               Marco Romano and
               Monica Sebillo and
               Giuliana Vitiello and
               Alessandro Brancaccio},
  title     = {Interaction Design Patterns for Augmented Reality Fitting Rooms},
  journal   = {Sensors},
  volume    = {22},
  number    = {3},
  pages     = {982},
  year      = {2022},
  url       = {https://doi.org/10.3390/s22030982},
  doi       = {10.3390/s22030982},
  timestamp = {Sat, 09 Apr 2022 12:31:38 +0200},
  biburl    = {https://dblp.org/rec/journals/sensors/BattistoniGRSVB22.bib},
  bibsource = {dblp computer science bibliography, https://dblp.org}
}

@article{ali2021augmented,
  title   = {Augmented reality based online application for e-shopping},
  author  = {Ali, Arshif and Saikia, Kishor and Nayak, Biki and Muchahari, Monoj Kr and Kumar, Pranav},
  journal = {International Journal of Advanced Research in Engineering and Technology (IJARET)},
  volume  = {12},
  pages   = {212--232},
  year    = {2021}
}

@article{DBLP:journals/pami/RenHG017,
  author    = {Shaoqing Ren and
               Kaiming He and
               Ross B. Girshick and
               Jian Sun},
  title     = {Faster {R-CNN:} Towards Real-Time Object Detection with Region Proposal
               Networks},
  journal   = {{IEEE} Trans. Pattern Anal. Mach. Intell.},
  volume    = {39},
  number    = {6},
  pages     = {1137--1149},
  year      = {2017},
  url       = {https://doi.org/10.1109/TPAMI.2016.2577031},
  doi       = {10.1109/TPAMI.2016.2577031},
  timestamp = {Wed, 14 Nov 2018 10:51:18 +0100},
  biburl    = {https://dblp.org/rec/journals/pami/RenHG017.bib},
  bibsource = {dblp computer science bibliography, https://dblp.org}
}

@article{baytar2020evaluating,
  title     = {Evaluating garments in augmented reality when shopping online},
  author    = {Baytar, Fatma and Chung, Telin and Shin, Eonyou},
  journal   = {Journal of Fashion Marketing and Management: An International Journal},
  volume    = {24},
  number    = {4},
  pages     = {667--683},
  year      = {2020},
  publisher = {Emerald Publishing Limited}
}

@article{moriuchi2021engagement,
  title     = {Engagement with chatbots versus augmented reality interactive technology in e-commerce},
  author    = {Moriuchi, Emi and Landers, V Myles and Colton, Deborah and Hair, Neil},
  journal   = {Journal of Strategic Marketing},
  volume    = {29},
  number    = {5},
  pages     = {375--389},
  year      = {2021},
  publisher = {Taylor \& Francis}
}

@incollection{shaw2020advanced,
  title     = {Advanced virtual apparel try using augmented reality (AVATAR)},
  author    = {Shaw, Sourav and Kadam, Swapnali and Joshi, Shreya and Hadsul, Dhanashree},
  booktitle = {Soft Computing: Theories and Applications: Proceedings of SoCTA 2019},
  pages     = {479--487},
  year      = {2020},
  publisher = {Springer}
}


Commercial

@misc{Zalando,
  author       = {Zalando},
  title        = {Zalando brings a virtual fitting room pilot to millions of customers},
  howpublished = {\url{https://corporate.zalando.com/en/technology/zalando-brings-virtual-fitting-room-pilot-millions-customers}},
  year         = {2023},
  note         = {[Accessed 19-09-2023]}
}

@misc{GoogleShopping,
  author       = {Lilian Rincon},
  title        = {Virtually try on clothes with a new AI shopping feature},
  howpublished = {\url{https://blog.google/products/shopping/ai-virtual-try-on-google-shopping/}},
  year         = {2023},
  note         = {[Accessed 19-09-2023]}
}

@misc{WalmartA,
  author       = {Denise Incandela},
  title        = {Walmart Launches Zeekit Virtual Fitting Room Technology},
  howpublished = {\url{https://corporate.walmart.com/news/2022/03/02/walmart-launches-zeekit-virtual-fitting-room-technology}},
  year         = {2022},
  note         = {[Accessed 19-09-2023]}
}

@misc{WalmartB,
  author       = {Denise Incandela},
  title        = {Walmart Levels Up Virtual Try-On for Apparel With Be Your Own Model Experience},
  howpublished = {\url{https://corporate.walmart.com/news/2022/09/15/walmart-levels-up-virtual-try-on-for-apparel-with-be-your-own-model-experience}},
  year         = {2022},
  note         = {[Accessed 19-09-2023]}
}

@misc{YTAR,
  author       = {Suzee Skwiot},
  title        = {{H}ow to {L}aunch {Y}our {Y}ou{T}ube {A}{R} {I}nteractive {B}rand {E}xperience},
  howpublished = {\url{https://www.perfectcorp.com/business/blog/makeup/how-to-launch-your-youtube-ar-interactive-brand-experience}},
  year         = {2021},
  note         = {[Accessed 19-09-2023]}
}

@misc{BaumeMercier,
  author       = {Fergus Nash},
  title        = {{B}aume \& {M}ercier {V}irtual {T}ry-{O}n {S}ystem},
  howpublished = {\url{https://timeandtidewatches.com/baume-mercier-virtual-try-on-system/}},
  year         = {2021},
  note         = {[Accessed 19-09-2023]}
}

@misc{LOreal,
  author       = {Julia Wray},
  title        = {{L}'{O}réal brings virtual try-ons to {I}nstagram {S}hopping},
  howpublished = {\url{https://cosmeticsbusiness.com/news/article\_page/LOreal\_brings\_virtual\_try-ons\_to\_Instagram\_Shopping/177480}},
  year         = {2021},
  note         = {[Accessed 19-09-2023]}
}

@misc{Snapchat,
  author       = {Maghan McDowell},
  title        = {Snapchat boosts AR try-on tools: Farfetch, Prada dive in},
  howpublished = {\url{https://www.voguebusiness.com/technology/snapchat-boosts-ar-try-on-tools-farfetch-prada-dive-in}},
  year         = {2021},
  note         = {[Accessed 19-09-2023]}
}

@misc{WarbyParker,
  author       = {Robert Williams},
  title        = {Warby Parker eyes mobile AR with virtual try-on tool},
  howpublished = {\url{https://www.marketingdive.com/news/warby-parker-eyes-mobile-ar-with-virtual-try-on-tool/547668/}},
  year         = {2019},
  note         = {[Accessed 19-09-2023]}
}
